3282 5156
384 485 458 572 344
479 489 507 554 J.
536 487 578 552 H.
607 483 886 553 SCHLEGEL
912 481 1350 554 OBSERVATIONES.
1431 531 1433 536 -

421 616 484 668 Fuit
509 615 675 684 Tissaphernes
698 629 791 683 magna
808 609 862 664 iide
881 611 909 662 in
929 611 1039 662 Darium
1058 610 1177 664 Nothuus
1197 625 1224 664 et
1239 612 1267 664 iu
1288 616 1343 684 ejus
1355 611 1440 666 lilium

383 699 550 748 Artaxerxem
561 695 714 756 Mnemona,
725 692 773 742 suh
782 691 995 760 eorumimpen'o
1006 709 1055 760 per
1066 692 1214 762 complures
1228 710 1310 744 annos
1319 711 1442 764 magnam

380 776 449 828 Asin
458 787 558 846 partem
567 770 770 826 administravit,
783 781 810 822 et
821 766 938 841 prudens
950 769 1097 840 perspexit,
1113 789 1168 822 non
1183 789 1239 824 esse
1251 772 1318 842 regia
1331 772 1440 834 Persius,

380 873 413 907 eo
432 873 515 924 usque
530 850 653 923 adjuvare
669 848 894 914 Lacedaemonios,
910 859 940 900 ut
957 849 1105 902 universam
1121 849 1250 902 Gratiam
1266 851 1295 902 in
1307 869 1351 902 sna
1363 863 1438 922 pote·

382 947 447 987 state
462 944 589 985 tenerent.
611 929 662 982 Sed
680 948 772 982 exosus
789 942 845 981 erat
861 927 1049 998 Tissaphernes
1068 929 1141 998 Cyto
1159 929 1272 1000 juniori,
1291 931 1396 1002 ejusque
1413 943 1440 983 et

382 1013 531 1065 Artaxerxis
551 1013 645 1075 matri,
660 1010 789 1062 sceleratae
802 1007 846 1059 isti
861 1008 993 1079 Par-ysati3
1003 1008 1126 1060 amulum
1138 1009 1217 1060 etiam
1231 1009 1342 1062 habehat
1356 1009 1441 1062 Phar·

382 1094 527 1154 urbanum,
542 1087 706 1160 Hellesponti
718 1099 847 1158 satrapen.
862 1087 1029 1158 Tempestire
1048 1099 1186 1140 monuerat
1203 1090 1384 1150 Artaxerxem,
1393 1107 1440 1140 ea-

382 1189 444 1224 vere
467 1171 517 1224 sihi
530 1189 545 1223 a
559 1171 623 1240 Cyri
642 1168 730 1221 fratris
753 1167 886 1232 consiliis,
905 1179 931 1219 et
949 1184 1031 1238 opera
1047 1169 1103 1238 ejus
1122 1166 1150 1218 in
1170 1167 1262 1238 prelio
1282 1165 1316 1220 ad
1331 1169 1440 1220 Cunus

382 1269 475 1321 magna
491 1251 541 1302 suit
556 1247 590 1301 ad
601 1246 748 1300 Artaxerxis
764 1245 881 1298 salutem.
902 1247 982 1298 Recte
997 1245 1084 1316 itaque
1099 1243 1164 1298 dicit
1181 1247 1341 1299 Cornelius:
1364 1247 1439 1299 dte·

385 1357 397 1378 ι
407 1331 546 1383 miniscens
554 1330 722 1390 Artaxerxes,
734 1324 917 1396 Tissaphernis
925 1344 952 1376 sa
961 1342 1042 1396 opera
1049 1327 1151 1398 Cyrum
1160 1326 1268 1379 fratrem
1275 1343 1415 1398 superasse.
1422 1353 1435 1373 ι

381 1411 471 1475 Quum
487 1407 562 1462 brevi
578 1419 696 1478 tempore
711 1416 771 1477 post
785 1405 906 1476 praelium
926 1403 959 1456 ad
972 1405 1079 1458 Cunaxa
1098 1403 1305 1471 Lacedaemonii,
1325 1405 1438 1476 Agesilai

380 1490 505 1551 consilio,
527 1487 626 1540 bellum
645 1487 773 1538 inferrent
793 1484 893 1550 Persis,
905 1502 959 1536 nou
973 1497 1078 1555 potem
1087 1503 1141 1536 uon
1160 1485 1277 1538 infensus
1288 1503 1342 1538 esse
1356 1485 1439 1538 laue-

381 1567 534 1630 dsemoniis,
550 1567 596 1637 qui
609 1577 661 1618 tam
671 1563 755 1616 fidum
771 1583 798 1616 se
811 1564 967 1634 prestiterat
976 1564 1041 1635 regi
1056 1564 1162 1617 Restitit
1176 1565 1264 1636 itaque
1275 1565 1325 1617 suh
1331 1565 1439 1618 initium

381 1649 457 1713 belli,
466 1658 593 1719 quantum
608 1645 708 1716 potuit,
719 1643 838 1712 Agesilao
853 1643 881 1695 in
890 1643 951 1695 Asia
964 1644 1099 1712 grassanti.
1109 1641 1160 1696 Sed
1174 1662 1256 1714 quum
1268 1663 1322 1696 non
1335 1663 1366 1696 ex
1377 1663 1438 1696 sen·

379 1727 460 1779 tentia
473 1737 627 1797 gererentur
642 1742 683 1776 res
697 1722 849 1786 Persarum,
869 1723 1008 1794 Parysntis,
1024 1740 1083 1793 qum
1096 1723 1312 1795 Tissaphernem,
1330 1737 1360 1776 ut
1372 1723 1437 1775 reli·

381 1825 447 1877 quos
467 1823 570 1868 ornnes,
595 1803 641 1873 qui
661 1805 830 1854 Artaxerxem
853 1799 976 1855 adversus
1001 1804 1103 1874 Cyrum
1131 1801 1301 1874 adjuverant,
1327 1802 1439 1856 infinitis

379 1880 662 1956 persequebaturodiis
674 1893 700 1933 et
715 1879 867 1942 calumniis,
883 1880 1046 1952 proditionis
1057 1899 1118 1936 eum
1134 1884 1270 1936 recusavit.
1291 1883 1346 1936 llac
1362 1901 1439 1935 aecu-

379 1965 479 2016 satione
493 1960 526 2014 ad
546 1960 755 2032 desperationem
775 1957 902 2013 adductus
920 1960 1120 2032 Tissaphernes,
1139 1961 1256 2015 irritatus
1271 1961 1398 2032 Parysatis
1408 1974 1437 2014 et

381 2041 543 2094 Pharnabazi
558 2040 694 2092 calumniis
707 2052 733 2092 et
746 2040 840 2106 minis,
861 2040 944 2092 factus
959 2038 1064 2093 tandem
1080 2052 1118 2094 est
1132 2039 1267 2112 proditor,
1289 2041 1438 2111 Agesilaum

381 2123 470 2174 Asiam
485 2119 662 2173 devastantem
676 2139 731 2172 non
749 2117 903 2190 impedivit,
916 2120 1024 2174 fortasse
1034 2121 1113 2174 etiam
1131 2121 1239 2174 oonsilia
1250 2139 1309 2172 cum
1325 2139 1357 2172 eo
1369 2121 1439 2174 elau·

381 2199 482 2254 destina
497 2201 564 2252 iniit.
586 2198 652 2252 lude
668 2218 715 2270 per
730 2199 868 2254 Cononem
886 2198 956 2270 apud
968 2219 1055 2271 regem
1070 2214 1217 2264 assumtus,
1233 2203 1307 2272 jussu
1319 2199 1437 2272 ejusdem

379 2297 429 2351 per
437 2280 615 2334 Tithraustem
622 2293 728 2332 necatus
740 2292 787 2333 est.
798 2279 836 2331 Fa
848 2281 875 2332 in
889 2278 938 2332 hac
948 2279 1114 2346 narratione,
1125 2298 1184 2352 que
1192 2277 1224 2332 ad
1235 2279 1436 2351 Tissaphernem

379 2373 406 2412 et
421 2360 557 2432 Parysatin
580 2360 725 2430 pertinent,
741 2359 853 2430 amplius
870 2360 987 2430 exposita
1004 2371 1096 2412 sunta
1114 2360 1258 2430 perillustri
1275 2359 1433 2430 Guldlrergs'o,

379 2439 479 2493 Histor.
490 2441 522 2492 T.
537 2441 577 2502 ΙΙ,
593 2459 618 2510 p.
639 2457 706 2508 ¹²7·
727 2439 797 2504 143,
817 2450 988 2509 veterumque
1001 2439 1199 2492 auctoritatibus
1215 2439 1325 2492 munita.

419 2519 453 2570 X.
476 2518 575 2571 Notata
590 2517 669 2589 digna
684 2530 723 2570 est
736 2519 885 2570 Athenarum
899 2537 948 2589 per
960 2519 991 2570 L.
1005 2519 1158 2572 Comelium
1166 2517 1264 2590 Syllam
1278 2519 1435 2590 expugnatio

379 2599 408 2649 in
426 2597 495 2650 hello
514 2596 705 2650 Mithridation
728 2597 789 2650 Non
810 2597 897 2668 attigit
915 2615 972 2650 eam
991 2597 1143 2662 Cornelius,
1165 2616 1215 2652 nee
1230 2617 1334 2652 neeesse
1348 2618 1396 2670 per
1407 2617 1434 2650 se

379 2688 448 2740 erat,
466 2695 549 2748 quum
561 2678 642 2730 vitam
654 2677 793 2748 Pomponii
800 2676 894 2740 Attici,
904 2693 959 2728 non
971 2695 1012 2730 res
1022 2677 1078 2748 ejus
1094 2679 1221 2748 temporis
1232 2679 1363 2732 Romanas
1376 2697 1435 2748 per·

378 2769 538 2827 sequeretur.
564 2757 635 2809 Dicit
654 2768 773 2822 tantum,
792 2757 869 2808 Attia.
892 2757 932 2822 ll,
952 2774 966 2810 a
986 2773 993 2808 :
1011 2783 1022 2804 a
1039 2756 1211 2828 Posteaquam
1230 2755 1296 2810 vidit
1320 2754 1435 2826 Atticus,

382 2862 394 2882 ι
403 2835 526 2888 Cinnano
543 2837 658 2888 tumultu
670 2835 803 2888 civitatem
815 2853 869 2888 ease
879 2837 1057 2906 perturbatam
1066 2875 1086 2888 ..
1140 2875 1147 2888 .
1156 2875 1180 2888 ..
1194 2835 1320 2890 idoneum
1335 2850 1434 2908 tempus

384 2929 474 2968 eratus
489 2913 583 2969 studiis
596 2911 758 2985 obsequendi
773 2915 841 2979 suis,
859 2915 972 2966 Athenas
991 2933 1019 2967 se
1039 2915 1160 2968 eontulit
1172 2941 1183 2962 ι
1202 2916 1333 2970 Memorat
1347 2929 1433 2987 postea

379 3011 402 3046 e.
413 2996 464 3059 IV,
484 3013 513 3060 r,
527 2994 640 3067 Syllam,
655 2995 701 3065 qui
716 2993 830 3046 Athenas
844 2994 946 3046 venerit
960 3012 992 3046 ex
1006 2993 1067 3048 Asia
1081 2993 1212 3048 mesdeus.

427 3073 467 3126 Ita
489 3075 614 3144 loquens,
636 3071 748 3125 dubium
768 3072 875 3144 reliquit
898 3073 1024 3126 lectorem
1046 3072 1081 3126 da
1100 3074 1243 3144 questione
1266 3073 1339 3128 haud
1360 3075 1432 3146 parri

379 3154 521 3215 momenti,
536 3171 601 3204 uum
615 3151 717 3204 Atticus
733 3151 812 3205 tuerit
826 3151 936 3205 Athenis
945 3154 999 3222 jam
1012 3171 1044 3205 eo
1057 3166 1191 3224 tempure,
1210 3172 1288 3225 quoa
1304 3155 1377 3225 Sylla
1387 3154 1434 3207 oh·

378 3249 453 3283 sesae
470 3243 496 3283 et
511 3229 543 3283 ad
558 3231 667 3284 exitium
687 3227 798 3283 redacta
815 3231 900 3286 aunt?
927 3231 1041 3285 Cinnani
1060 3232 1132 3284 enim
1146 3235 1275 3286 tumultus
1288 3233 1364 3286 brevi
1378 3245 1435 3306 post

379 3309 457 3380 Syllae
473 3327 503 3361 ex
520 3311 594 3361 ltalia
610 3309 752 3364 discessum
773 3323 928 3364 exarserant.
949 3311 1019 3363 Turn
1041 3311 1133 3382 utique
1152 3313 1254 3382 gratia,
1271 3331 1322 3384 qua
1335 3313 1435 3366 Attium

379 3389 482 3440 valebat
491 3387 561 3460 apud
568 3388 679 3459 Syllam,
692 3390 835 3460 plurimum
842 3389 1100 3461 prodessepotuisset
1108 3389 1212 3444 afflictis
1218 3391 1435 3456 Atheniensibus,

380 3479 406 3520 et
416 3480 538 3521 tantares
553 3467 658 3520 silentio
672 3467 854 3539 pretereunda
866 3488 921 3522 non
939 3482 1004 3523 erat.

418 3548 559 3600 Persuasus
572 3567 636 3601 vero
651 3567 723 3613 sum,
740 3551 795 3619 ejus
817 3549 943 3620 temporis
961 3549 1098 3604 historiam
1119 3550 1299 3622 perpendens,
1319 3552 1434 3604 Atticum

377 3646 431 3679 non
450 3639 510 3680 ante
525 3626 706 3692 obsidionem,
723 3627 768 3680 sad
783 3639 844 3699 post
857 3627 1039 3694 deditionem,
1058 3642 1084 3683 et
1103 3630 1218 3701 quietem
1232 3630 1342 3683 Athenis
1361 3629 1435 3682 resti-

378 3718 476 3772 tutam,
500 3707 527 3760 in
548 3707 616 3760 hanc
640 3709 734 3760 urbem
752 3705 924 3777 demigrasse,
945 3727 1028 3778 quum
1047 3707 1118 3779 Sylla
1137 3711 1191 3778 jam
1209 3711 1236 3764 in
1255 3711 1316 3762 Asia
1337 3709 1434 3762 bellum

377 3799 479 3856 gereret
502 3785 624 3840 adversus
645 3785 836 3839 Mithridatem.
856 3787 1096 3852 Ecalamitatihus,
1119 3807 1183 3860 quas
1199 3789 1278 3862 paulo
1301 3801 1360 3842 ante
1374 3805 1432 3858 per·

377 3867 472 3919 tulerat
478 3867 641 3920 Athenarum
652 3869 726 3930 urbs,
743 3865 895 3938 explicanda
906 3879 968 3920 suut
978 3867 1022 3918 illa
1033 3867 1150 3922 Cornelii
1165 3869 1258 3932 rerba,
1271 3867 1432 3930 Astarte:

383 3969 393 3990 ι
403 3943 504 4016 Sepius
514 3947 568 3998 suis
575 3947 671 4018 opibus
680 3947 798 4018 inopiam
809 3963 903 3998 eorum
916 3945 1049 4016 publicam
1061 3947 1192 4012 levavitss
1214 3947 1335 4001 similiter
1346 3957 1372 3997 et
1386 3943 1435 3996 alia

378 4024 517 4090 beneficia,
531 4045 589 4096 que
603 4027 704 4080 Atticus
715 4025 832 4098 privatus
846 4025 875 4078 iu
886 4025 1020 4078 civitatem
1030 4027 1153 4080 afflictam
1168 4028 1291 4080 conferre
1303 4025 1398 4098 potuit.
