3282 5156
407 515 482 614 276
668 512 936 583 corucem
968 511 1200 580 usrorrs

404 657 542 712 tramur.
569 639 685 732 Neque
714 659 859 730 unquam
883 635 952 704 sine
977 631 1085 727 aliqua
1114 632 1252 704 lectione
1276 637 1365 731 apud
1385 663 1462 707 eum

406 759 571 816 caenatum
588 757 660 830 est,
674 757 713 812 ut
731 769 799 812 non
818 742 926 810 miuus
946 740 1076 825 animo,
1096 765 1195 869 quam
1213 741 1347 811 ventre¹
1349 795 1361 829 ,
1378 768 1464 812 coo-

404 854 488 921 vivre
501 849 751 920 delectarentur.
769 850 921 941 Namque
939 869 995 914 eos
1013 831 1173 916 vocabat³
1174 871 1338 940 ,quorum
1353 875 1464 918 mores

404 960 508 1027 esuis
529 982 596 1026 non
614 955 840 1026 abborrerent.
859 956 973 1042 Quum
993 966 1084 1020 tanta
1102 954 1248 1046 pecuniae
1270 953 1356 1024 facta
1376 971 1464 1024 esset

403 1050 565 1133 accessio⁴
567 1061 673 1149 ,nilril
690 1061 731 1130 de
747 1059 938 1154 quotidiano
958 1055 1048 1126 cultu
1064 1061 1220 1144 mutarit,
1234 1059 1314 1128 nibil
1333 1061 1373 1131 de
1385 1064 1462 1132 vitae

403 1169 639 1240 consuetudine
651 1194 660 1252 ;
674 1182 831 1260 tantaque
844 1189 923 1234 usus
937 1178 987 1232 est
1001 1163 1244 1251 moderatione,
1258 1180 1295 1233 ut
1310 1191 1416 1261 neque
1427 1170 1462 1236 in

403 1278 553 1346 sestertio
567 1277 685 1360 vicies,
703 1271 825 1374 quoda
845 1287 940 1368 patre
958 1284 1148 1364 acceperat,
1171 1294 1288 1364 parurn
1301 1297 1337 1342 se
1357 1273 1463 1367 splen·

403 1381 478 1452 dide
490 1382 642 1476 gesserit,
657 1403 763 1474 neque
779 1381 812 1448 in
823 1378 973 1448 sestertio
987 1378 1109 1446 centies
1122 1375 1310 1448 affluentius
1325 1381 1463 1468 vixerit,

403 1513 503 1582 quam
523 1489 725 1571 instituerat,
742 1487 878 1579 parique
899 1483 1029 1577 fastigio
1044 1485 1170 1550 steterit
1185 1485 1220 1550 in
1238 1498 1377 1579 utraque
1393 1487 1459 1556 for·

404 1608 493 1664 tuna.
507 1593 625 1662 Nullos
634 1591 750 1661 habuit
761 1591 893 1676 hortos,
908 1588 1030 1658 nullam
1045 1587 1284 1676 suburbanam,
1295 1595 1459 1660 autmari·

403 1703 517 1769 timam
531 1712 757 1792 sumptuosam
766 1695 875 1766 villam
888 1719 1021 1789 ,neque
1036 1692 1178 1764 initalia
1184 1710 1328 1790 p,raeter
1337 1697 1459 1768 Ardea·

400 1807 508 1874 tinum
535 1819 569 1874 et
595 1806 865 1930 Nomentanum,
889 1803 1046 1871 rusticum
1074 1799 1259 1976 ἓνεᾶιιιιιι,
1249 1805 1461 1898 ,omnisque

402 1913 473 2005 ejus
493 1912 641 2006 pecuniae
666 1893 810 1978 reditus⁵
830 1908 1032 1980 constabat
1024 1933 1058 1976 ιιι
1108 1921 1253 2002 pnotters
1271 1923 1305 1978 et
1325 1912 1461 1982 urbanis

403 2015 672 2138 possessionibus.
693 2017 744 2084 Ex
770 2038 837 2109 quo
865 2015 1019 2108 cognosci
1044 2028 1171 2108 potest,
1192 2033 1267 2084 eum
1284 2041 1379 2086 usum
1382 2044 1459 2146 pe·

403 2125 509 2194 cuniae
528 2147 596 2193 non
617 2120 855 2216 magnitudine,
873 2119 929 2190 sed
949 2121 1094 2206 ratione,
1116 2121 1223 2190 metiri
1242 2109 1404 2192 solitumi

457 2232 533 2299 XV.
558 2227 771 2298 Mendacium
792 2251 898 2346 neque
915 2225 1065 2296 dicebat¹
1068 2249 1205 2320 ,neque
1230 2230 1297 2321 pati
1321 2244 1458 2323 poterat

405 2335 563 2431 Itaque
535 2361 605 2428 eJus
624 2335 762 2404 comitas
777 2359 845 2402 non
866 2334 936 2401 sine
954 2333 1128 2402 severitate
1149 2347 1238 2417 erat,
1259 2359 1366 2428 neque
1386 2361 1459 2432 gra·

403 2445 487 2511 vitas
501 2443 570 2511 sine
583 2440 755 2510 facilitate:
771 2453 809 2507 ut
821 2437 954 2508 dribcrle
964 2452 1049 2508 esset
1059 2437 1242 2526 intellectu
1258 2453 1368 2509 tetrum
1383 2467 1459 2510 eum

404 2547 502 2618 amici
516 2549 620 2642 magis
643 2543 866 2632 vererentur²,
883 2568 926 2612 an
944 2557 1101 2614 amarent.
1123 2544 1294 2640 Quidquid
1318 2548 1460 2641 rogaba-

407 2669 476 2742 tur,
495 2639 661 2750 religiose³
678 2599 911 2747 promittebat,
927 2649 1017 2743 quod
1036 2675 1103 2719 non
1122 2649 1279 2742 liberalis,
1292 2653 1349 2722 sed
1364 2653 1463 2742 levis,

450 2915 475 2948 ι.
490 2895 547 2947 Non
557 2896 632 2944 minus
643 2894 733 2952 αιιιιιιο,
742 2909 812 2964 quaer
823 2901 913 2948 ventre.
1001 2889 1026 2942 5.
1045 2889 1157 2942 Pecunioe
1168 2889 1265 2944 reditus.
1277 2889 1346 2948 Hinc
1356 2893 1463 2964 gallice,

408 2987 459 3029 etc.
483 2973 526 3027 sic
545 2971 579 3026 de
595 2969 711 3025 Platonis
731 2987 804 3022 erent
823 2971 915 3024 Timo·
959 2969 1088 3021 brevem.
1110 3002 1150 3012 -
1172 2969 1202 3022 In
1215 2971 1353 3042 Epiroticis.
1377 2971 1463 3045 Prope

408 3055 502 3123 meus,
525 3051 606 3106 bomo
627 3051 713 3104 clerus
734 3047 864 3112 Athenis,
890 3062 916 3102 et
957 3047 1091 3120 Thyamin
1114 3047 1245 3114 flurium,
1264 3051 1310 3122 qui
1330 3051 1463 3124 'Ibespru-

409 3134 531 3206 princeps
553 3130 683 3193 civitatis,
700 3147 783 3200 quum
808 3128 916 3182 vidisset
958 3128 1021 3180 tiam
1030 3141 1056 3180 et
1066 3127 1401 3194 Cestrinemdisterminat,
1417 3133 1463 3184 At·

409 3231 471 3268 enm
492 3209 639 3284 postridie:
659 3210 794 3274 -vestre,
816 3209 915 3280 inquit,
958 3207 1463 3264 ticumbabuissevillamamoeuissimam

410 3310 492 3344 cren·
506 3309 559 3342 non
574 3291 659 3342 solum
676 3290 702 3340 in
714 3290 850 3359 presenti,
870 3287 916 3340 sed
959 3288 1085 3358 eolligunt
1103 3289 1259 3360 interpretes
1274 3291 1464 3345 Ciceronisl'i·

410 3371 488 3426 etiam
503 3381 609 3442 postero
624 3368 668 3421 die
681 3365 805 3438 jucunde
818 3381 888 3421 sunt.
901 3395 912 3416 ι
959 3365 992 3418 de
1007 3367 1089 3438 Epist.
1104 3365 1137 3420 ad
1152 3369 1309 3431 Atticvss,
1323 3391 1356 3436 a,
1369 3371 1461 3424 etiae.

413 3447 736 3514 Gemmatum.
959 3445 1251 3512 Palmerium,Graecioe
1261 3449 1302 3513 11,
1320 3453 1344 3503 5.

454 3531 479 3584 3.
499 3530 625 3591 Voenbot,
643 3525 676 3580 ad
687 3525 829 3599 prandium
852 3527 918 3580 iuvi·
1000 3529 1027 3581 6.
1043 3528 1127 3579 Metiri
1141 3529 1243 3581 soum.
1260 3529 1320 3582 Non
1337 3542 1463 3602 quantum

413 3611 547 3664 tabatha
562 3609 752 3662 Greciuutv.
960 3607 1101 3680 potuisset,
1115 3606 1298 3680 sedquentum
1313 3629 1415 3663 neeesse
1423 3627 1462 3662 et·

454 3698 480 3754 4.
503 3691 615 3742 Peeunioe
635 3693 744 3742 accessio.
766 3687 870 3740 Scilicet
885 3705 917 3740 ex
960 3699 1015 3750 eet,
1030 3687 1174 3758 impensam
1188 3687 1306 3741 iaciebat.

413 3770 534 3825 avunculi
543 3767 696 3822 hereditate.
712 3767 753 3821 Cl.
762 3767 917 3840 supr.V.-
1000 3765 1064 3819 Cer.
1082 3767 1142 3819 XV.
1176 3783 1200 3820 ῐ.
1219 3767 1370 3820 Mendacium
1392 3787 1465 3838 neque

414 3853 556 3906 lnmtertio
566 3852 648 3901 uicies.
657 3847 729 3901 Vide
738 3848 863 3909 laetmnne,
872 3865 916 3917 op.
960 3845 1464 3918 dicebat,etc.ItadeEpanriuonda,lil,

365 3963 368 3972 ·
413 3929 532 3984 laud.-
541 3931 719 3998 Poisastigio,
729 3940 777 3980 etc.
788 3923 917 3978 Eumdem
960 3923 1084 3998 predicat
1092 3945 1100 3978 τ
1109 3953 1120 3973 ι
1132 3925 1205 3979 Adeo
1213 3929 1329 3980 veritatis
1339 3925 1465 3998 diligens,

414 4011 474 4064 vite
486 4007 597 4062 modurn
611 4008 752 4061 “neverit
765 4007 793 4058 in
807 4017 918 4076 umque
961 4019 991 4059 ut
1006 4025 1042 4072 ne¹
1052 4008 1112 4076 joco
1128 4005 1235 4078 quidem
1250 4009 1414 4060 mentiretur.
1435 4035 1444 4054 ι

415 4091 535 4154 fortuna,
552 4107 647 4158 nempe
663 4087 806 4140 liberaliter
827 4083 918 4136 edver-
1005 4087 1396 4141 a.Vemeatur.Veuernrentur.

414 4187 457 4236 sa,
470 4187 525 4222 non
539 4167 673 4222 luxuriose
686 4163 800 4220 secunde
814 4165 917 4217 vixerit.
1004 4165 1396 4236 3.!ied'gime.be.,eaute,eerta
1403 4165 1465 4220 ude.
