<?xml version="1.0" encoding="UTF-8"?>
<!DOCTYPE html PUBLIC "-//W3C//DTD XHTML 1.0 Transitional//EN"
    "http://www.w3.org/TR/xhtml1/DTD/xhtml1-transitional.dtd">
<html xmlns="http://www.w3.org/1999/xhtml" xml:lang="en" lang="en">
 <head>
  <title>
</title>
<meta http-equiv="Content-Type" content="text/html;charset=utf-8" />
  <meta name='ocr-system' content='tesseract 3.04.00' />
  <meta name='ocr-capabilities' content='ocr_page ocr_carea ocr_par ocr_line ocrx_word'/>
</head>
<body>
  <div class='ocr_page' id='page_1' title='image "./corneliusnepose00descgoog_0040.png"; bbox 0 0 3200 5120; ppageno 0'>
   <div class='ocr_carea' id='block_1_1' title="bbox 347 482 1213 559">
    <p class='ocr_par' dir='ltr' id='par_1_1' title="bbox 347 482 1213 559">
     <span class='ocr_line' id='line_1_1' title="bbox 347 482 1213 559; baseline 0.012 -10"><span class='ocrx_word' id='word_1_1' title='bbox 347 482 678 552; x_wconf 83' lang='lat' dir='ltr'><strong>TESTIMONIA</strong></span> <span class='ocrx_word' id='word_1_2' title='bbox 705 484 769 551; x_wconf 90' lang='lat' dir='ltr'>ET</span> <span class='ocrx_word' id='word_1_3' title='bbox 795 485 1021 555; x_wconf 81' lang='lat' dir='ltr'><strong>JUDICIA.</strong></span> <span class='ocrx_word' id='word_1_4' title='bbox 1114 513 1213 559; x_wconf 86' lang='lat' dir='ltr'>xxxv</span> 
     </span>
    </p>
   </div>
   <div class='ocr_carea' id='block_1_2' title="bbox 330 603 1086 1010">
    <p class='ocr_par' dir='ltr' id='par_1_2' title="bbox 330 603 889 690">
     <span class='ocr_line' id='line_1_2' title="bbox 330 603 889 690; baseline 0.011 -25"><span class='ocrx_word' id='word_1_5' title='bbox 330 603 462 684; x_wconf 84' lang='lat' dir='ltr'>Doctis,</span> <span class='ocrx_word' id='word_1_6' title='bbox 480 603 644 690; x_wconf 85' lang='lat' dir='ltr'>luppiter!</span> <span class='ocrx_word' id='word_1_7' title='bbox 663 620 695 666; x_wconf 88' lang='lat' dir='ltr'>et</span> <span class='ocrx_word' id='word_1_8' title='bbox 712 604 889 671; x_wconf 81' lang='lat' dir='ltr'>laboriosis.</span> 
     </span>
    </p>

    <p class='ocr_par' dir='ltr' id='par_1_3' title="bbox 330 707 1086 1010">
     <span class='ocr_line' id='line_1_3' title="bbox 333 707 1086 796; baseline 0.008 -25"><span class='ocrx_word' id='word_1_9' title='bbox 333 707 443 789; x_wconf 80' lang='lat' dir='ltr'><strong>Quare</strong></span> <span class='ocrx_word' id='word_1_10' title='bbox 462 707 544 772; x_wconf 88' lang='lat' dir='ltr'>babe</span> <span class='ocrx_word' id='word_1_11' title='bbox 562 707 815 796; x_wconf 68' lang='lat' dir='ltr'>tibi,‘quidquid</span> <span class='ocrx_word' id='word_1_12' title='bbox 831 711 893 776; x_wconf 90' lang='lat' dir='ltr'>boc</span> <span class='ocrx_word' id='word_1_13' title='bbox 911 711 1009 778; x_wconf 84' lang='lat' dir='ltr'><strong>libelli</strong></span> <span class='ocrx_word' id='word_1_14' title='bbox 1025 730 1086 790; x_wconf 84' lang='lat' dir='ltr'>est,</span> 
     </span>
     <span class='ocr_line' id='line_1_4' title="bbox 330 815 1038 908; baseline 0.01 -31"><span class='ocrx_word' id='word_1_15' title='bbox 330 815 597 904; x_wconf 88' lang='lat' dir='ltr'>Qualeeumque:</span> <span class='ocrx_word' id='word_1_16' title='bbox 615 815 723 903; x_wconf 85' lang='lat' dir='ltr'>quod,</span> <span class='ocrx_word' id='word_1_17' title='bbox 742 841 763 880; x_wconf 93' lang='lat' dir='ltr'>o</span> <span class='ocrx_word' id='word_1_18' title='bbox 779 833 915 905; x_wconf 89' lang='lat' dir='ltr'>patrona</span> <span class='ocrx_word' id='word_1_19' title='bbox 928 820 1038 908; x_wconf 82' lang='lat' dir='ltr'>virgo,</span> 
     </span>
     <span class='ocr_line' id='line_1_5' title="bbox 330 919 925 1010; baseline 0.013 -28"><span class='ocrx_word' id='word_1_20' title='bbox 330 919 407 984; x_wconf 89' lang='lat' dir='ltr'>Plus</span> <span class='ocrx_word' id='word_1_21' title='bbox 424 944 492 985; x_wconf 90' lang='lat' dir='ltr'>uno</span> <span class='ocrx_word' id='word_1_22' title='bbox 510 939 637 986; x_wconf 90' lang='lat' dir='ltr'>maneat</span> <span class='ocrx_word' id='word_1_23' title='bbox 653 945 795 1010; x_wconf 80' lang='lat' dir='ltr'>perenne</span> <span class='ocrx_word' id='word_1_24' title='bbox 811 924 925 990; x_wconf 88' lang='lat' dir='ltr'>saeclo!</span> 
     </span>
    </p>
   </div>
   <div class='ocr_carea' id='block_1_3' title="bbox 432 1126 950 1210">
    <p class='ocr_par' dir='ltr' id='par_1_4' title="bbox 432 1126 950 1210">
     <span class='ocr_line' id='line_1_6' title="bbox 432 1126 950 1210; baseline 0.004 -17"><span class='ocrx_word' id='word_1_25' title='bbox 432 1126 750 1194; x_wconf 88' lang='lat' dir='ltr'><strong>POMPONIUS</strong></span> <span class='ocrx_word' id='word_1_26' title='bbox 776 1127 950 1210; x_wconf 84' lang='lat' dir='ltr'>MELA,</span> 
     </span>
    </p>
   </div>
   <div class='ocr_carea' id='block_1_4' title="bbox 370 1315 999 1382">
    <p class='ocr_par' dir='ltr' id='par_1_5' title="bbox 370 1315 999 1382">
     <span class='ocr_line' id='line_1_7' title="bbox 370 1315 999 1382; baseline 0.006 -22"><span class='ocrx_word' id='word_1_27' title='bbox 370 1315 436 1361; x_wconf 81' lang='lat' dir='ltr'>un.</span> <span class='ocrx_word' id='word_1_28' title='bbox 466 1315 507 1362; x_wconf 92' lang='lat'>111</span> <span class='ocrx_word' id='word_1_29' title='bbox 534 1318 580 1362; x_wconf 81' lang='lat' dir='ltr'>os</span> <span class='ocrx_word' id='word_1_30' title='bbox 608 1315 686 1363; x_wconf 83' lang='lat' dir='ltr'>srru</span> <span class='ocrx_word' id='word_1_31' title='bbox 715 1318 831 1382; x_wconf 86' lang='lat' dir='ltr'>onms,</span> <span class='ocrx_word' id='word_1_32' title='bbox 860 1319 935 1366; x_wconf 79' lang='lat' dir='ltr'>car.</span> <span class='ocrx_word' id='word_1_33' title='bbox 965 1320 999 1365; x_wconf 85' lang='lat' dir='ltr'>v.</span> 
     </span>
    </p>
   </div>
   <div class='ocr_carea' id='block_1_5' title="bbox 205 1473 1124 1574">
    <p class='ocr_par' dir='ltr' id='par_1_6' title="bbox 205 1473 1124 1574">
     <span class='ocr_line' id='line_1_8' title="bbox 205 1473 1124 1574; baseline 0.008 -28"><span class='ocrx_word' id='word_1_34' title='bbox 205 1473 381 1546; x_wconf 88' lang='lat' dir='ltr'>Cornelius</span> <span class='ocrx_word' id='word_1_35' title='bbox 399 1477 531 1574; x_wconf 84' lang='lat' dir='ltr'><strong>Nepos,</strong></span> <span class='ocrx_word' id='word_1_36' title='bbox 547 1493 586 1547; x_wconf 91' lang='lat' dir='ltr'>ut</span> <span class='ocrx_word' id='word_1_37' title='bbox 605 1480 769 1547; x_wconf 81' lang='lat' dir='ltr'>recentior</span> <span class='ocrx_word' id='word_1_38' title='bbox 783 1494 917 1568; x_wconf 79' lang='lat' dir='ltr'>auctor,</span> <span class='ocrx_word' id='word_1_39' title='bbox 936 1483 981 1550; x_wconf 89' lang='lat' dir='ltr'>ita</span> <span class='ocrx_word' id='word_1_40' title='bbox 994 1484 1124 1553; x_wconf 84' lang='lat' dir='ltr'>certior.</span> 
     </span>
    </p>
   </div>
   <div class='ocr_carea' id='block_1_6' title="bbox 569 1690 803 1776">
    <p class='ocr_par' dir='ltr' id='par_1_7' title="bbox 569 1690 803 1776">
     <span class='ocr_line' id='line_1_9' title="bbox 569 1690 803 1776; baseline 0.009 -20"><span class='ocrx_word' id='word_1_41' title='bbox 569 1690 803 1776; x_wconf 70' lang='lat' dir='ltr'>nuruum,</span> 
     </span>
    </p>
   </div>
   <div class='ocr_carea' id='block_1_7' title="bbox 344 1888 1024 1940">
    <p class='ocr_par' dir='ltr' id='par_1_8' title="bbox 344 1888 1024 1940">
     <span class='ocr_line' id='line_1_10' title="bbox 344 1888 1024 1940; baseline 0.004 -5"><span class='ocrx_word' id='word_1_42' title='bbox 344 1889 407 1936; x_wconf 78' lang='lat' dir='ltr'>tls.</span> <span class='ocrx_word' id='word_1_43' title='bbox 438 1888 477 1935; x_wconf 92' lang='lat' dir='ltr'>lll</span> <span class='ocrx_word' id='word_1_44' title='bbox 506 1889 634 1936; x_wconf 68' lang='lat' dir='ltr'>aaron.</span> <span class='ocrx_word' id='word_1_45' title='bbox 663 1889 802 1937; x_wconf 68' lang='lat' dir='ltr'>ffls‘rott.</span> <span class='ocrx_word' id='word_1_46' title='bbox 822 1889 898 1938; x_wconf 74' lang='lat' dir='ltr'>CAP.</span> <span class='ocrx_word' id='word_1_47' title='bbox 921 1893 1024 1940; x_wconf 85' lang='lat' dir='ltr'>xvnr.</span> 
     </span>
    </p>
   </div>
   <div class='ocr_carea' id='block_1_8' title="bbox 208 2058 844 2153">
    <p class='ocr_par' dir='ltr' id='par_1_9' title="bbox 208 2058 844 2153">
     <span class='ocr_line' id='line_1_11' title="bbox 208 2058 844 2153; baseline 0 -25"><span class='ocrx_word' id='word_1_48' title='bbox 208 2060 324 2153; x_wconf 81' lang='lat' dir='ltr'>Nepos</span> <span class='ocrx_word' id='word_1_49' title='bbox 338 2058 529 2147; x_wconf 86' lang='lat' dir='ltr'>Cornelius,</span> <span class='ocrx_word' id='word_1_50' title='bbox 547 2059 628 2129; x_wconf 91' lang='lat' dir='ltr'>Padi</span> <span class='ocrx_word' id='word_1_51' title='bbox 642 2059 767 2128; x_wconf 84' lang='lat' dir='ltr'>accola.</span> <span class='ocrx_word' id='word_1_52' title='bbox 839 2061 844 2074; x_wconf 82' lang='grc'><em>“</em></span> 
     </span>
    </p>
   </div>
   <div class='ocr_carea' id='block_1_9' title="bbox 474 2283 900 2350">
    <p class='ocr_par' dir='ltr' id='par_1_10' title="bbox 474 2283 900 2350">
     <span class='ocr_line' id='line_1_12' title="bbox 474 2283 900 2350; baseline 0.002 -21"><span class='ocrx_word' id='word_1_53' title='bbox 474 2283 589 2349; x_wconf 79' lang='lat' dir='ltr'>roem,</span> <span class='ocrx_word' id='word_1_54' title='bbox 617 2285 682 2332; x_wconf 77' lang='lat' dir='ltr'>cru.</span> <span class='ocrx_word' id='word_1_55' title='bbox 713 2286 753 2350; x_wconf 87' lang='lat' dir='ltr'>v,</span> <span class='ocrx_word' id='word_1_56' title='bbox 778 2287 854 2333; x_wconf 75' lang='lat' dir='ltr'>car.</span> <span class='ocrx_word' id='word_1_57' title='bbox 879 2286 900 2331; x_wconf 91' lang='lat' dir='ltr'>r.</span> 
     </span>
    </p>
   </div>
   <div class='ocr_carea' id='block_1_10' title="bbox 157 2427 1219 2947">
    <p class='ocr_par' dir='ltr' id='par_1_11' title="bbox 157 2427 1219 2947">
     <span class='ocr_line' id='line_1_13' title="bbox 208 2427 1217 2523; baseline 0.007 -27"><span class='ocrx_word' id='word_1_58' title='bbox 208 2429 323 2498; x_wconf 85' lang='lat' dir='ltr'>Minus</span> <span class='ocrx_word' id='word_1_59' title='bbox 346 2427 497 2522; x_wconf 88' lang='lat' dir='ltr'>profecto</span> <span class='ocrx_word' id='word_1_60' title='bbox 525 2430 686 2496; x_wconf 82' lang='lat' dir='ltr'>mirentur</span> <span class='ocrx_word' id='word_1_61' title='bbox 711 2444 901 2523; x_wconf 85' lang='lat' dir='ltr'>portentosa</span> <span class='ocrx_word' id='word_1_62' title='bbox 926 2434 1062 2502; x_wconf 83' lang='lat' dir='ltr'>Graeciae</span> <span class='ocrx_word' id='word_1_63' title='bbox 1083 2435 1217 2503; x_wconf 89' lang='lat' dir='ltr'>menda·</span> 
     </span>
     <span class='ocr_line' id='line_1_14' title="bbox 161 2535 1219 2631; baseline 0.008 -29"><span class='ocrx_word' id='word_1_64' title='bbox 161 2535 206 2602; x_wconf 86' lang='lat' dir='ltr'>cia</span> <span class='ocrx_word' id='word_1_65' title='bbox 214 2587 329 2618; x_wconf 88' lang='lat'><strong>.....</strong></span> <span class='ocrx_word' id='word_1_66' title='bbox 348 2536 405 2630; x_wconf 86' lang='lat' dir='ltr'>qui</span> <span class='ocrx_word' id='word_1_67' title='bbox 421 2537 585 2628; x_wconf 79' lang='lat' dir='ltr'>cogitent,</span> <span class='ocrx_word' id='word_1_68' title='bbox 612 2550 742 2604; x_wconf 82' lang='lat' dir='ltr'>nostros</span> <span class='ocrx_word' id='word_1_69' title='bbox 760 2561 867 2630; x_wconf 87' lang='lat' dir='ltr'>nuper</span> <span class='ocrx_word' id='word_1_70' title='bbox 881 2537 980 2631; x_wconf 91' lang='lat' dir='ltr'>paulo</span> <span class='ocrx_word' id='word_1_71' title='bbox 1000 2540 1108 2609; x_wconf 88' lang='lat' dir='ltr'>minus</span> <span class='ocrx_word' id='word_1_72' title='bbox 1129 2567 1219 2610; x_wconf 87' lang='lat' dir='ltr'>mon·</span> 
     </span>
     <span class='ocr_line' id='line_1_15' title="bbox 160 2640 1217 2736; baseline 0.007 -29"><span class='ocrx_word' id='word_1_73' title='bbox 160 2640 279 2709; x_wconf 82' lang='lat' dir='ltr'>strilica</span> <span class='ocrx_word' id='word_1_74' title='bbox 295 2640 444 2735; x_wconf 70' lang='lat' dir='ltr'>quaedam</span> <span class='ocrx_word' id='word_1_75' title='bbox 461 2641 651 2710; x_wconf 87' lang='lat' dir='ltr'>tradidisse:</span> <span class='ocrx_word' id='word_1_76' title='bbox 668 2640 876 2736; x_wconf 72' lang='lat' dir='ltr'>praevalidam</span> <span class='ocrx_word' id='word_1_77' title='bbox 896 2642 982 2711; x_wconf 86' lang='lat' dir='ltr'>banc</span> <span class='ocrx_word' id='word_1_78' title='bbox 997 2645 1129 2733; x_wconf 90' lang='lat' dir='ltr'>urbem,</span> <span class='ocrx_word' id='word_1_79' title='bbox 1150 2671 1217 2714; x_wconf 88' lang='lat' dir='ltr'>ma-</span> 
     </span>
     <span class='ocr_line' id='line_1_16' title="bbox 157 2747 1217 2843; baseline 0.006 -29"><span class='ocrx_word' id='word_1_80' title='bbox 157 2747 326 2842; x_wconf 87' lang='lat' dir='ltr'>joremque</span> <span class='ocrx_word' id='word_1_81' title='bbox 349 2748 550 2841; x_wconf 80' lang='lat' dir='ltr'>Cartbagine</span> <span class='ocrx_word' id='word_1_82' title='bbox 572 2772 711 2843; x_wconf 86' lang='lat' dir='ltr'>magna,</span> <span class='ocrx_word' id='word_1_83' title='bbox 723 2801 730 2816; x_wconf 87' lang='lat'><strong>.</strong></span> <span class='ocrx_word' id='word_1_84' title='bbox 743 2801 750 2815; x_wconf 94' lang='lat'><strong>.</strong></span> <span class='ocrx_word' id='word_1_85' title='bbox 764 2799 791 2816; x_wconf 92' lang='lat'>..</span> <span class='ocrx_word' id='word_1_86' title='bbox 811 2773 948 2842; x_wconf 78' lang='lat' dir='ltr'>quaeque</span> <span class='ocrx_word' id='word_1_87' title='bbox 969 2748 1031 2816; x_wconf 90' lang='lat' dir='ltr'>alia</span> <span class='ocrx_word' id='word_1_88' title='bbox 1045 2751 1217 2820; x_wconf 88' lang='lat' dir='ltr'>Cornelius</span> 
     </span>
     <span class='ocr_line' id='line_1_17' title="bbox 160 2853 644 2947; baseline 0.002 -27"><span class='ocrx_word' id='word_1_89' title='bbox 160 2853 270 2947; x_wconf 84' lang='lat' dir='ltr'>Nepos</span> <span class='ocrx_word' id='word_1_90' title='bbox 292 2854 477 2923; x_wconf 87' lang='lat' dir='ltr'>avidissime</span> <span class='ocrx_word' id='word_1_91' title='bbox 499 2853 644 2923; x_wconf 89' lang='lat' dir='ltr'>credidit.</span> 
     </span>
    </p>
   </div>
   <div class='ocr_carea' id='block_1_11' title="bbox 54 3064 1190 3145">
    <p class='ocr_par' dir='ltr' id='par_1_12' title="bbox 54 3064 1190 3145">
     <span class='ocr_line' id='line_1_18' title="bbox 54 3064 1190 3145; baseline 0.002 -22"><span class='ocrx_word' id='word_1_92' title='bbox 54 3064 59 3078; x_wconf 92' lang='lat'>&#39;</span> <span class='ocrx_word' id='word_1_93' title='bbox 185 3078 299 3143; x_wconf 78' lang='lat' dir='ltr'>mers,</span> <span class='ocrx_word' id='word_1_94' title='bbox 327 3079 392 3124; x_wconf 82' lang='lat' dir='ltr'>un.</span> <span class='ocrx_word' id='word_1_95' title='bbox 414 3079 472 3140; x_wconf 85' lang='lat' dir='ltr'>rx,</span> <span class='ocrx_word' id='word_1_96' title='bbox 494 3079 569 3126; x_wconf 78' lang='lat' dir='ltr'>car.</span> <span class='ocrx_word' id='word_1_97' title='bbox 597 3079 732 3143; x_wconf 83' lang='lat' dir='ltr'>xxx1x3</span> <span class='ocrx_word' id='word_1_98' title='bbox 756 3081 799 3126; x_wconf 83' lang='lat' dir='ltr'>ar</span> <span class='ocrx_word' id='word_1_99' title='bbox 826 3081 891 3126; x_wconf 78' lang='lat' dir='ltr'>nro.</span> <span class='ocrx_word' id='word_1_100' title='bbox 912 3083 958 3145; x_wconf 88' lang='lat' dir='ltr'>x,</span> <span class='ocrx_word' id='word_1_101' title='bbox 985 3080 1061 3126; x_wconf 71' lang='lat' dir='ltr'>car,</span> <span class='ocrx_word' id='word_1_102' title='bbox 1089 3081 1190 3127; x_wconf 83' lang='lat' dir='ltr'>xxm.</span> 
     </span>
    </p>
   </div>
   <div class='ocr_carea' id='block_1_12' title="bbox 209 3227 1158 3323">
    <p class='ocr_par' dir='ltr' id='par_1_13' title="bbox 209 3227 1158 3323">
     <span class='ocr_line' id='line_1_19' title="bbox 209 3227 1158 3323; baseline 0.002 -26"><span class='ocrx_word' id='word_1_103' title='bbox 209 3231 326 3323; x_wconf 84' lang='lat' dir='ltr'>Nepos</span> <span class='ocrx_word' id='word_1_104' title='bbox 342 3227 534 3315; x_wconf 82' lang='lat' dir='ltr'>Cornelius,</span> <span class='ocrx_word' id='word_1_105' title='bbox 549 3229 606 3322; x_wconf 93' lang='lat' dir='ltr'>qui</span> <span class='ocrx_word' id='word_1_106' title='bbox 625 3228 691 3297; x_wconf 85' lang='lat' dir='ltr'>divi</span> <span class='ocrx_word' id='word_1_107' title='bbox 705 3231 845 3322; x_wconf 82' lang='lat' dir='ltr'>Augusti</span> <span class='ocrx_word' id='word_1_108' title='bbox 862 3231 1048 3323; x_wconf 89' lang='lat' dir='ltr'>principatu</span> <span class='ocrx_word' id='word_1_109' title='bbox 1067 3230 1158 3300; x_wconf 87' lang='lat' dir='ltr'>obiit.</span> 
     </span>
    </p>
   </div>
   <div class='ocr_carea' id='block_1_13' title="bbox 384 3439 915 3529">
    <p class='ocr_par' dir='ltr' id='par_1_14' title="bbox 384 3439 915 3529">
     <span class='ocr_line' id='line_1_20' title="bbox 384 3439 915 3529; baseline -0.004 -18"><span class='ocrx_word' id='word_1_110' title='bbox 384 3439 389 3448; x_wconf 85' lang='lat'>·</span> <span class='ocrx_word' id='word_1_111' title='bbox 460 3441 674 3511; x_wconf 70' lang='lat' dir='ltr'>retusos</span> <span class='ocrx_word' id='word_1_112' title='bbox 700 3441 915 3529; x_wconf 76' lang='lat' dir='ltr'>touton,</span> 
     </span>
    </p>
   </div>
   <div class='ocr_carea' id='block_1_14' title="bbox 425 3633 953 3698">
    <p class='ocr_par' dir='ltr' id='par_1_15' title="bbox 425 3633 953 3698">
     <span class='ocr_line' id='line_1_21' title="bbox 425 3633 953 3698; baseline -0.004 -18"><span class='ocrx_word' id='word_1_113' title='bbox 425 3634 501 3681; x_wconf 82' lang='lat' dir='ltr'><strong>LIB·</strong></span> <span class='ocrx_word' id='word_1_114' title='bbox 533 3634 589 3698; x_wconf 80' lang='lat' dir='ltr'>lv,</span> <span class='ocrx_word' id='word_1_115' title='bbox 626 3633 757 3680; x_wconf 80' lang='lat' dir='ltr'><strong>EPIST.</strong></span> <span class='ocrx_word' id='word_1_116' title='bbox 794 3633 953 3680; x_wconf 80' lang='lat' dir='ltr'>xxv111.</span> 
     </span>
    </p>
   </div>
   <div class='ocr_carea' id='block_1_15' title="bbox 155 3791 1221 4206">
    <p class='ocr_par' dir='ltr' id='par_1_16' title="bbox 155 3791 1221 4206">
     <span class='ocr_line' id='line_1_22' title="bbox 209 3791 1220 3886; baseline -0.008 -20"><span class='ocrx_word' id='word_1_117' title='bbox 209 3796 399 3866; x_wconf 85' lang='lat' dir='ltr'>Herennius</span> <span class='ocrx_word' id='word_1_118' title='bbox 428 3795 588 3878; x_wconf 81' lang='lat' dir='ltr'>Severus,</span> <span class='ocrx_word' id='word_1_119' title='bbox 615 3795 667 3862; x_wconf 89' lang='lat' dir='ltr'>vir</span> <span class='ocrx_word' id='word_1_120' title='bbox 693 3792 920 3875; x_wconf 88' lang='lat' dir='ltr'>doctissimus,</span> <span class='ocrx_word' id='word_1_121' title='bbox 942 3793 1053 3886; x_wconf 87' lang='lat' dir='ltr'>magni</span> <span class='ocrx_word' id='word_1_122' title='bbox 1081 3791 1220 3859; x_wconf 76' lang='lat' dir='ltr'>estimat</span> 
     </span>
     <span class='ocr_line' id='line_1_23' title="bbox 157 3898 1218 3995; baseline -0.006 -25"><span class='ocrx_word' id='word_1_123' title='bbox 157 3905 190 3970; x_wconf 91' lang='lat' dir='ltr'>in</span> <span class='ocrx_word' id='word_1_124' title='bbox 215 3902 418 3972; x_wconf 78' lang='lat' dir='ltr'>bibliotheca</span> <span class='ocrx_word' id='word_1_125' title='bbox 438 3925 495 3969; x_wconf 90' lang='lat' dir='ltr'>sua</span> <span class='ocrx_word' id='word_1_126' title='bbox 519 3924 641 3995; x_wconf 89' lang='lat' dir='ltr'>ponere</span> <span class='ocrx_word' id='word_1_127' title='bbox 663 3900 820 3994; x_wconf 86' lang='lat' dir='ltr'>imagines</span> <span class='ocrx_word' id='word_1_128' title='bbox 842 3898 1045 3991; x_wconf 90' lang='lat' dir='ltr'>municipum</span> <span class='ocrx_word' id='word_1_129' title='bbox 1066 3911 1218 3986; x_wconf 85' lang='lat' dir='ltr'>tuorum,</span> 
     </span>
     <span class='ocr_line' id='line_1_24' title="bbox 156 4003 1221 4102; baseline -0.006 -24"><span class='ocrx_word' id='word_1_130' title='bbox 156 4009 305 4078; x_wconf 89' lang='lat' dir='ltr'>Cornelii</span> <span class='ocrx_word' id='word_1_131' title='bbox 326 4009 466 4102; x_wconf 85' lang='lat' dir='ltr'>Nepotis</span> <span class='ocrx_word' id='word_1_132' title='bbox 485 4021 518 4076; x_wconf 88' lang='lat' dir='ltr'>ct</span> <span class='ocrx_word' id='word_1_133' title='bbox 536 4007 600 4076; x_wconf 89' lang='lat' dir='ltr'>Titi</span> <span class='ocrx_word' id='word_1_134' title='bbox 613 4008 717 4076; x_wconf 88' lang='lat' dir='ltr'>Cassii</span> <span class='ocrx_word' id='word_1_135' title='bbox 732 4032 742 4092; x_wconf 90' lang='lat'>;</span> <span class='ocrx_word' id='word_1_136' title='bbox 758 4007 921 4099; x_wconf 86' lang='lat' dir='ltr'>petitque,</span> <span class='ocrx_word' id='word_1_137' title='bbox 941 4005 966 4072; x_wconf 93' lang='lat' dir='ltr'>si</span> <span class='ocrx_word' id='word_1_138' title='bbox 985 4004 1050 4071; x_wconf 91' lang='lat' dir='ltr'>sint</span> <span class='ocrx_word' id='word_1_139' title='bbox 1070 4003 1161 4090; x_wconf 84' lang='lat' dir='ltr'>istic,</span> <span class='ocrx_word' id='word_1_140' title='bbox 1183 4018 1221 4072; x_wconf 90' lang='lat' dir='ltr'>ut</span> 
     </span>
     <span class='ocr_line' id='line_1_25' title="bbox 155 4108 1218 4206; baseline -0.008 -22"><span class='ocrx_word' id='word_1_141' title='bbox 155 4140 226 4186; x_wconf 86' lang='lat' dir='ltr'>esse</span> <span class='ocrx_word' id='word_1_142' title='bbox 253 4113 410 4186; x_wconf 88' lang='lat' dir='ltr'>credibile</span> <span class='ocrx_word' id='word_1_143' title='bbox 440 4128 507 4199; x_wconf 81' lang='lat' dir='ltr'>est,</span> <span class='ocrx_word' id='word_1_144' title='bbox 533 4111 761 4184; x_wconf 79' lang='lat' dir='ltr'>exscribendas</span> <span class='ocrx_word' id='word_1_145' title='bbox 790 4109 1036 4206; x_wconf 87' lang='lat' dir='ltr'>pingendasque</span> <span class='ocrx_word' id='word_1_146' title='bbox 1060 4108 1218 4204; x_wconf 85' lang='lat' dir='ltr'>delegem.</span> 
     </span>
    </p>
   </div>
   <div class='ocr_carea' id='block_1_16' title="bbox 0 0 1604 5120">
    <p class='ocr_par' dir='ltr' id='par_1_17' title="bbox 0 0 1604 5120">
     <span class='ocr_line' id='line_1_26' title="bbox 0 0 1604 5120; baseline 0 4"><span class='ocrx_word' id='word_1_147' title='bbox 0 0 1604 5120; x_wconf 95' lang='lat' dir='ltr'> </span> 
     </span>
    </p>
   </div>
  </div>
 </body>
</html>
