3200 5120
513 491 577 562 ET
603 493 835 562 JUDICIA.
1142 525 1201 575 m

46 598 47 658 l
131 626 190 696 bic
222 621 308 694 liber
332 623 534 712 obvenerat,
563 616 763 695 laudabilem
787 625 886 694 etiam
916 638 1013 720 atque
1040 629 1202 702 eruditam
1253 649 1259 664 ·

132 755 272 826 operam
283 731 317 800 in
331 755 365 802 se
379 744 610 826 suscepturum
620 732 776 825 putabat,
793 733 820 800 si
831 731 967 800 vitasad
978 734 1201 833 chronologiae

132 835 241 934 legem
251 838 402 933 apposite
410 838 516 932 magis
530 836 734 931 disponeret;
744 837 865 932 partim
875 838 1045 910 inscientia
1053 843 1201 935 artificii,

133 969 203 1038 quo
218 958 337 1014 auctor
350 945 385 1012 in
400 967 460 1014 suo
475 967 575 1038 opere
593 942 766 1012 condendo
776 967 854 1012 usus
868 958 954 1032 erat,
967 947 1121 1042 quodque
1133 943 1147 1036 (
1158 953 1202 1020 fe·

132 1048 292 1120 licissimo
314 1041 459 1136 eventu)
475 1047 566 1117 nulla
583 1073 790 1144 quacumque
812 1051 1041 1122 immutatione
1065 1055 1199 1127 inducta

132 1154 262 1226 aboleri
276 1181 412 1252 prorsus
427 1169 567 1250 poterat.
585 1156 664 1224 Non
673 1156 760 1224 enim
774 1156 887 1249 Nepos
896 1157 930 1224 in
939 1157 992 1228 his
1007 1159 1097 1248 vitis,
1107 1163 1198 1234 arida

134 1261 280 1356 quadam
297 1262 518 1358 posteriorum
539 1261 794 1333 Chronistarum
811 1259 994 1358 diligentia,
1015 1264 1049 1334 id
1070 1283 1200 1362 egerat,

134 1383 174 1438 ut
192 1369 337 1462 cujusvis
350 1369 557 1463 imperatoris
575 1367 662 1438 lacta
679 1381 714 1438 et
730 1391 839 1438 mores
861 1391 881 1436 a
900 1369 1009 1462 prima
1024 1371 1199 1464 juventute

136 1473 179 1544 ad
195 1475 274 1543 vitae
295 1475 418 1544 exitum
436 1474 536 1544 anxia
555 1499 635 1544 cura
657 1473 699 1542 ad
719 1499 823 1544 annos
841 1473 1019 1570 digereret3
1039 1477 1097 1548 sed
1117 1479 1199 1551 illud

135 1581 247 1674 potius
271 1605 360 1650 curae
381 1579 545 1670 habebat,
566 1579 710 1675 deligere
732 1605 772 1650 ex
791 1580 935 1674 cujusvis
961 1583 1197 1678 imperatorum

135 1687 219 1774 rita,
241 1711 315 1780 quae
335 1686 378 1755 ad
399 1686 605 1782 propositum
627 1711 724 1756 suum
745 1687 944 1782 pertinentia
958 1691 1098 1760 maxime
1116 1691 1199 1762 arbi·

134 1805 298 1882 harenam
307 1817 479 1888 segregare
490 1817 571 1862 rero
585 1808 683 1887 atque
699 1793 775 1862 data
790 1817 891 1888 opera
904 1797 1043 1866 transire
1058 1812 1197 1887 cuncta,

134 1923 209 1993 quae
229 1897 271 1968 ad
291 1923 362 1968 rem
383 1899 492 1970 minus
513 1900 696 1970 necessaria
717 1897 918 1968 viderentur.
939 1901 979 1968 In
1004 1900 1060 1970 tali
1084 1901 1197 1974 labore

133 2029 202 2076 non
224 2019 357 2100 poterat
377 2006 505 2076 auctori
525 2029 594 2074 non
612 2005 751 2100 praeberi
764 2004 978 2100 quandoque,
998 2020 1070 2076 tum
1091 2009 1126 2078 in
1148 2035 1198 2078 or-

134 2109 278 2200 diendis,
296 2126 368 2181 tum
385 2113 421 2181 in
440 2110 592 2180 finiendis
607 2109 773 2181 nonnullis
786 2111 878 2198 vitis,
890 2124 960 2179 tum
976 2136 1056 2182 vero
1074 2115 1109 2182 in
1127 2141 1197 2210 par·

134 2218 224 2287 tibus
232 2219 342 2312 operis
350 2217 530 2311 majoribus
540 2219 626 2288 inter
636 2242 670 2288 se
682 2217 932 2304 connectendis‚
946 2221 1196 2314 opportunitas,

135 2349 201 2418 qua
224 2340 360 2420 arrepta
391 2323 533 2394 formam
560 2326 670 2420 operis
694 2323 1032 2419 adornationemque,
1060 2341 1099 2394 ut
1122 2351 1196 2396 eam

134 2429 226 2500 initio
254 2445 365 2500 mente
395 2431 622 2527 concepisset,
647 2429 774 2500 indiciis
803 2429 999 2525 quibusdam
1032 2435 1196 2528 aperiret,

133 2539 467 2634 consecutionemque
494 2551 660 2606 certarum
686 2537 848 2630 partium,
874 2535 1036 2606 industria
1055 2539 1196 2634 quadam

134 2644 180 2712 sic
192 2645 453 2738 compositarum
462 2643 628 2739 proderet.
641 2642 771 2730 Quibus
787 2640 841 2710 ille
853 2641 977 2712 ordinis
991 2660 1196 2740 permutator
1317 2644 1322 2659 '

134 2749 217 2818 nibil
240 2749 404 2838 adversis,
423 2749 551 2844 disjecit
571 2749 790 2844 incogitanter
811 2746 960 2816 membra
982 2753 1130 2846 corporis
1150 2757 1196 2823 ita

133 2857 303 2950 apu'ssime
314 2855 398 2943 ficti,
415 2870 454 2924 ut
470 2869 547 2952 post
560 2879 791 2949 quamcunque
805 2851 902 2923 aliam
920 2853 1042 2924 factam
1060 2882 1196 2953 compo-

132 2963 288 3032 sitionem
306 2988 374 3032 non
394 2975 505 3057 posset
524 2987 592 3032 non
614 2961 814 3030 monstruosi
826 2959 906 3054 quid
920 2961 1017 3030 exire.
1034 2963 1082 3033 Ut
1093 2966 1196 3034 verbo

131 3066 264 3158 dicam,
285 3069 348 3138 ista
368 3067 644 3164 metamorphosi,
664 3090 765 3161 quam
783 3064 867 3136 liber
885 3065 940 3136 hic
962 3069 1102 3164 Nepotis
1125 3097 1196 3166 per·

132 3197 249 3268 pessus
270 3188 337 3262 est,
361 3177 547 3270 accepimus
574 3172 784 3244 tantumdem
811 3171 971 3269 quidem,
1018 3201 1094 3246 uam
1116 3177 1194 3247 olim

132 3293 225 3369 erat,
246 3303 316 3350 non
337 3279 435 3350 illem.

187 3388 297 3482 Igitur
303 3385 603 3483 probabilissimum
609 3387 678 3480 jam
688 3385 987 3473 habeo,auctorem
998 3391 1194 3459 nostrumin

134 3493 212 3562 vitis
221 3494 460 3588 imperatorum
469 3493 670 3590 exponendis
678 3493 847 3561 civitatum
859 3492 1034 3587 quemdam
1044 3495 1194 3566 ordinem

133 3621 293 3669 servasse.
314 3603 359 3668 Et
378 3599 477 3694 primi
498 3599 631 3694 quidem
651 3598 860 3694 ponebantur
878 3597 924 3669 illi
944 3600 1194 3671 Atheniensium

133 3702 236 3775 duces
256 3719 418 3800 perpetua
435 3707 537 3776 serie:
551 3704 731 3791 Miltiades,
747 3703 998 3792 Themistocles,
1019 3707 1194 3797 Aristides,

136 3810 257 3880 Cimon
266 3864 276 3899 ,
284 3809 484 3902 Alcibiades,
495 3811 737 3906 Thrasybulus,
748 3813 884 3897 Conon,
894 3810 1092 3904 Iphicrates,
1105 3812 1193 3881 Cha·

133 3914 240 4006 briae,
264 3919 475 4006 Timotheus,
495 3919 651 3988 Phocion.
674 3919 735 3987 llis
755 3916 835 3986 alios
858 3915 995 3985 totidem
1015 3941 1056 3985 en
1075 3919 1193 3987 ceteris

133 4022 322 4094 meatibus
342 4027 484 4094 externis
500 4025 733 4119 conquirebat,
750 4021 978 4117 excitabatque
990 4047 1032 4090 ex
1046 4023 1196 4094 Lacedae·

130 4132 253 4200 moniis
273 4133 487 4222 Pausaniam,
505 4131 728 4227 Lysandrum,
742 4127 930 4225 Agesilaum
942 4152 1011 4216 γει
1029 4127 1193 4220 Thebanis
