3200 5120
363 531 475 578 xxxvi
718 505 1057 577 TESTIMONIA
1318 585 1320 592 ¹

363 641 474 728 Quam
488 665 601 710 curam
613 640 672 710 tibi
689 640 896 736 potissimum
910 639 1046 734 injungo
1060 663 1067 705 :
1083 639 1226 732 primum
1246 636 1322 734 quia
1337 639 1420 711 desi·

362 745 461 816 deriis
473 749 554 816 meis
569 747 762 816 amicissime
775 745 980 839 obsequeris;
999 743 1117 813 deinde
1129 746 1206 839 quia
1224 745 1283 815 tibi
1299 747 1420 816 studio·

362 877 436 920 rum
471 878 599 922 summa
637 853 834 939 reverentia,
866 875 1013 920 summus
1052 875 1146 919 amor
1178 851 1421 939 studiosorum

362 973 530 1052 postremo
551 958 640 1053 quod
653 959 792 1052 patriam
811 971 903 1025 tuam
921 981 1116 1050 omnesque,
1131 959 1186 1051 qui
1208 981 1330 1027 nomen
1353 958 1421 1054 ejus

362 1080 543 1152 auxerunt,
565 1080 603 1134 ut
624 1065 765 1160 patriam
787 1065 913 1158 ipsam,
935 1063 1101 1132 veneraris
1122 1077 1155 1130 et
1175 1061 1292 1158 diligis.

633 1289 756 1350 luent,
779 1287 853 1333 mn.
873 1287 1053 1351 V,nt³1s'r.
1076 1287 1139 1334 111.

415 1443 491 1512 Scio
513 1467 581 1510 non
601 1440 771 1536 corrumpi
794 1441 829 1508 in
850 1439 1012 1530 deterius,
1031 1464 1105 1535 quae
1124 1438 1299 1535 aliquando
1323 1443 1423 1511 etiam

362 1545 511 1634 amalis,
532 1545 588 1615 sed
606 1547 745 1616 honesta
767 1571 919 1634 manere,
939 1571 1012 1641 quae
1034 1547 1151 1641 saepius
1172 1571 1193 1614 a
1212 1547 1307 1616 bonis
1330 1547 1422 1617 fiunt

361 1656 454 1721 luter
467 1677 550 1746 quos
562 1651 613 1720 vel
626 1653 791 1748 praecipue
804 1653 1026 1722 numerandus
1039 1667 1091 1723 est
1105 1656 1140 1722 P.
1155 1651 1332 1749 Virgilius,
1345 1656 1424 1724 Cor

363 1756 467 1827 nelius
485 1759 616 1854 Nepos,
631 1773 664 1827 et
682 1760 772 1853 prius
794 1760 920 1828 Ennius
935 1759 1135 1853 Acciusque3
1153 1783 1219 1827 non
1235 1759 1371 1854 quidem
1389 1761 1423 1830 hi

363 1879 547 1954 senatores,
569 1864 626 1934 sed
648 1866 802 1934 sanctitas
823 1889 954 1935 morum
974 1889 1042 1934 uon
1062 1865 1162 1934 distat
1178 1865 1360 1936 ordinibus.

737 2080 777 2146 a.
800 2079 1044 2164 canctus,

492 2337 496 2346 ¹
563 2267 628 2312 ue.
653 2265 701 2311 XV
729 2266 832 2314 NOCT·
861 2265 975 2312 ΔΤΤΙΟ.
998 2265 1075 2312 ΘΔΡ.
1096 2267 1222 2314 xxvnt.

418 2441 718 2537 CorneliusNepos
737 2458 771 2512 et
784 2467 895 2514 rerum
914 2446 1082 2514 memoriae
1104 2470 1171 2515 non
1189 2444 1379 2541 indiligens,
1392 2462 1425 2517 et

366 2552 413 2618 Μ.
433 2551 619 2637 Ciceronis,
641 2551 755 2644 utqui
773 2551 931 2636 maxime,
952 2553 1077 2622 amicus
1099 2549 1331 2646 familiarisque
1354 2553 1424 2623 fuit

366 2765 410 2852 Q.
431 2765 708 2832 SEPTIMIUS
734 2761 966 2830 FLORENS
991 2707 1422 2852 TERTU'LLIANUQ

603 2953 669 2999 ue.
693 2952 720 2997 11
740 2952 788 2996 AD
811 2949 1002 3016 uantum,
1023 2950 1101 2998 CAP·
1124 2952 1186 2998 ΧΠ.

420 3125 521 3191 Extat
538 3119 625 3214 apud
640 3117 763 3208 litteras
784 3131 910 3187 vestras
926 3142 1161 3214 usquequaque
1187 3122 1321 3190 Saturni
1344 3149 1425 3194 cen·

369 3252 432 3298 sus.
462 3227 616 3319 Legimus
645 3222 733 3322 apud
760 3226 909 3294 Cassium
936 3226 1111 3312 Severum,
1137 3227 1225 3321 apud
1253 3229 1424 3300 Cornelios

367 3336 531 3428 Nepotem
550 3346 584 3400 et
600 3331 767 3414 Tacitum,
781 3329 869 3425 apud
888 3331 1023 3400 Graecos
1049 3357 1200 3427 quoque,
1219 3333 1424 3420 Diodorum,

374 3491 400 3507 ..
418 3491 425 3507 .
441 3491 449 3505 .
467 3439 587 3531 quique
605 3435 658 3505 alii
676 3437 906 3530 antiquitatum
919 3461 1020 3507 canos
1033 3436 1244 3532 collegerunt.

594 3661 702 3724 ruma,
723 3661 762 3707 m
781 3659 1045 3725 aroaocsmco,
1063 3661 1139 3708 our.
1163 3664 1196 3708 x.

420 3819 620 3902 Saturnum,
640 3828 800 3909 quantum
822 3811 938 3882 litterae
960 3811 1100 3902 docent,
1126 3839 1232 3910 neque
1257 3814 1423 3884 Diodorus

368 3927 504 3994 Graecus
528 3938 585 3991 aut
604 3919 759 4006 Thallus,
778 3942 884 4012 neque
903 3921 1035 3989 Cassius
1055 3922 1197 3990 Severus
1218 3935 1274 3990 aut
1296 3923 1430 3990 Corne·-

365 4027 427 4096 lius
439 4031 569 4124 Nepos,
590 4053 696 4122 neque
716 4024 804 4094 nllus
815 4039 1055 4096 commentator
1071 4025 1268 4119 ejuscemodi
1282 4025 1420 4120 antiqui·

362 4148 487 4224 tatum,
501 4133 589 4204 aliud
604 4159 703 4229 quam
717 4132 885 4204 hominem
898 4130 1161 4226 promulgarunt.
