3200 5120
363 526 504 573 xxxvrn
722 499 1058 569 TESTIMONIA

590 705 632 772 n.
661 705 879 773 userius
905 678 1197 790 numurus,

367 897 528 944 CARMINE
551 899 598 943 ΑΙ)
622 895 786 942 LATINUM
813 895 983 942 PACATUM
1005 895 1218 942 nummum
1242 893 1420 940 EPIGRAM-

741 1001 850 1048 MATIS
877 1002 1045 1048 PRAEFIXO.

540 1152 603 1216 Cui
618 1151 707 1216 dono
722 1149 866 1239 lepidum
886 1173 1008 1216 novum
1025 1150 1201 1216 libellum?

539 1258 734 1324 Veronensis
752 1258 907 1344 aitpoeta
924 1255 1105 1344 quondam,

540 1366 745 1449 Inventoque
763 1362 852 1426 dedit
871 1363 978 1428 statim
997 1363 1126 1451 Nepoti.

540 1471 582 1534 At
597 1491 658 1532 nos
674 1466 861 1555 illepidum,
881 1468 995 1532 rudem
1012 1468 1171 1549 libellum,

539 1577 675 1656 Burrus,
693 1575 881 1661 quisquilias
894 1575 1095 1662 ineptiasque

543 1677 720 1742 Credernus
737 1677 859 1767 gremio
877 1679 930 1742 cui
947 1677 1147 1743 fovendum?

544 1785 657 1847 Inveni
674 1784 829 1874 (trepidae
846 1786 936 1850 silete
956 1785 1074 1874 nugae)

542 1891 610 1954 Nec
628 1891 761 1954 doctum
780 1891 903 1974 minus,
923 1909 955 1956 et
974 1892 1074 1982 mngIs
1092 1892 1288 1982 benignum,

544 1997 652 2078 Quam
669 2019 767 2085 quern
785 1997 886 2062 Gallia
904 1998 1041 2086 praebuit
1060 1999 1197 2067 Catullo.

447 2235 557 2298 IDEM,
578 2236 747 2281 EPISTOLA
774 2236 836 2280 XVI
863 2236 911 2280 AD
935 2235 1082 2283 PROBUH
1106 2237 1211 2284 PRAEF·
1237 2237 1346 2284 Pam.
1432 2279 1436 2286 .

419 2395 588 2490 Apologos
612 2397 757 2480 Titiani,
788 2410 821 2463 et
848 2397 987 2490 Nepotis
1014 2395 1192 2482 chronica,
1222 2398 1314 2489 quasi
1347 2395 1427 2464 ulios

368 2501 526 2597 apologos
541 2497 641 2588 (uam
661 2517 694 2570 et
708 2503 779 2595 ipsa
793 2491 895 2570 instar
917 2517 994 2571 sunt
1015 2495 1239 2591 fabularum),
1257 2502 1299 2570 ad
1316 2500 1428 2572 nobili·

366 2622 468 2677 tntern
491 2623 582 2690 tuam
602 2609 692 2694 misi,
711 2607 856 2702 gaudens
870 2623 968 2701 utque
986 2609 1083 2676 etiarn
1100 2608 1261 2701 glorians,
1276 2608 1347 2676 fore
1366 2607 1426 2675 ali-

366 2713 462 2808 quid,
472 2714 561 2809 quod
575 2714 617 2783 ad
632 2717 868 2784 institutionem
881 2729 1014 2783 tuorum
1025 2713 1205 2781 sedulitatis
1221 2736 1301 2780 rneae
1316 2713 1427 2781 studio

368 2821 566 2889 conferatur.

396 3032 607 3099 JUDICIA
635 3031 1019 3099 RECENTIORUM
1045 3029 1392 3100 SCRIPTORUM.

673 3229 877 3276 onusnnius
911 3211 1125 3294 mutuum,

369 3409 538 3502 Catalogo
558 3408 734 3475 illustrium
755 3411 868 3502 script.
890 3413 1152 3492 Veroraensitun‚
1178 3411 1199 3477 l.
1215 3433 1251 3480 vi,
1271 3416 1425 3504 antiquit.

376 3667 378 3672 .
419 3601 694 3672 Constantissimo
720 3601 861 3669 civitatis
885 3616 1005 3672 nostrae
1033 3605 1221 3672 testimonio
1243 3627 1272 3674 o.
1296 3624 1426 3673 conun-

365 3733 457 3782 mun
476 3731 658 3792 surorum,
675 3709 790 3776 virum·
803 3706 1043 3794 doctissimum,
1063 3723 1097 3776 et
1110 3711 1340 3803 antiquitatum
1355 3732 1426 3776 orn-

365 3819 459 3886 nium
481 3816 730 3910 peritissimum,
751 3817 977 3884 veronensem
998 3813 1116 3904 luisse,
1140 3815 1299 3900 traditur,
1319 3815 1372 3882 oui
1393 3814 1427 3880 in

366 3947 497 3992 summa
510 3924 603 3992 ouria
623 3947 699 3992 cunr
715 3921 848 4015 reliquis
865 3923 1114 3992 Veronensibus
1128 3922 1310 3992 illustribus
1329 3920 1428 3988 etiam

367 4041 475 4096 statua
505 4032 612 4122 posita
634 4043 684 4099 est
710 4053 751 4098 ex
782 4027 914 4124 publica
945 4031 1153 4100 auctoritate:
1174 4032 1268 4098 Eum‘
1286 4025 1429 4110 ininius,

366 4133 421 4204 lib.
444 4137 497 4204 111
519 4139 561 4204 H.
580 4137 623 4208 N.
640 4160 711 4232 cap.
740 4137 783 4208 18
796 4189 806 4223 ,
821 4135 901 4206 Padi
917 4135 1064 4208 accolam
1082 4149 1198 4222 vooat,
1220 4123 1348 4205 et=alibi
1367 4156 1426 4204 sae·
