3200 5120
536 469 601 538 ET
627 468 857 538 JUDICIA.
1146 497 1231 546 mx

159 633 238 679 sarm
258 602 376 674 habeo.
406 600 441 672 Si
461 599 535 694 quis
557 597 640 670 alius
661 599 816 686 Probus,
835 599 916 669 mihi
937 601 1092 696 ignotus,
1114 623 1232 679 auctor

164 713 266 784 misse
283 709 412 780 dicattu
426 734 436 793 3
451 730 586 800 vereor,
598 729 641 775 ne
653 729 824 800 nunquam
839 707 873 774 in
889 720 1007 776 natura
1026 733 1137 780 rerum
1156 711 1229 783 fue·

162 822 233 906 rit,
251 815 311 887 sed
329 815 419 886 inani
440 812 640 909 cogitatione
658 812 818 881 duntaxat
838 811 987 908 depictus
1005 816 1047 884 sit
1064 830 1163 912 atque
1177 820 1231 888 in-

166 922 340 996 formatus.
356 923 430 990 iarn
444 944 524 990 vero
542 919 716 992 cornetan
733 921 853 1016 Nepos
871 921 918 988 M.
935 919 1031 992 Tullii
1047 921 1232 1016 Ciceronis,

165 1045 202 1100 et
220 1031 258 1098 T.
279 1026 454 1122 Pomponii
476 1027 593 1110 Attici,
615 1027 677 1095 Cn.
700 1025 847 1120 Pompeii
875 1027 1009 1120 Magni,
1028 1042 1061 1098 et
1089 1031 1126 1100 C.
1153 1031 1231 1101 tulii

167 1136 308 1206 Caesaris
325 1132 568 1230 propemodum
590 1131 653 1201 suit
676 1130 828 1228 equalis,
851 1146 909 1202 aut
926 1147 1015 1202 certe
1036 1133 1135 1229 paulo
1152 1153 1234 1208 natu

165 1243 293 1328 minor;
312 1239 527 1336 pervenitque
548 1238 591 1307 ad
610 1239 748 1310 Caesaris
767 1239 929 1334 Augusti,
958 1237 1026 1308 divi
1051 1238 1128 1312 Julii
1156 1241 1232 1333 filii,

166 1361 336 1443 tempora,
347 1361 385 1416 ut
400 1359 539 1416 testatur
553 1343 697 1434 Plinius,
709 1342 763 1414 lib.
774 1346 848 1431 tx,
862 1368 933 1439 cap.
955 1341 1082 1441 39,lris
1099 1348 1206 1418 verbis
1222 1377 1229 1418 :

167 1482 186 1518 ι
210 1455 325 1548 Nepos
345 1451 541 1541 Cornelius,
561 1453 618 1547 qui
638 1449 707 1520 divi
727 1451 867 1547 Augusti
884 1450 1070 1545 principatu
1092 1451 1182 1523 obiit.
1210 1486 1228 1521 s

163 1561 218 1632 Ne
235 1559 311 1654 quis
327 1573 438 1628 autem
454 1559 565 1628 statim
582 1557 677 1628 nobis
689 1571 863 1644 occurrat,
875 1571 972 1652 atque
988 1559 1032 1626 ita
1044 1556 1150 1648 dicat,
1162 1562 1232 1631 Cur

163 1667 269 1762 igitur
286 1689 449 1760 nusquam
469 1690 546 1735 eum
571 1679 811 1734 commemorat
835 1665 882 1732 M.
901 1661 1055 1734 Tullius?
1077 1667 1231 1738 Comme·

164 1787 276 1842 morat
289 1796 369 1840 vero
385 1773 418 1840 iu
433 1767 579 1866 epistolis
592 1770 635 1839 ad
649 1772 796 1842 Atticum
812 1769 956 1866 quodam
972 1767 1065 1858 loco,
1079 1784 1131 1860 et,
1142 1775 1233 1867 quod

165 1876 267 1974 longe
295 1877 428 1972 majoris
457 1875 613 1972 ponderis
642 1892 721 1964 est,
745 1876 847 1946 libros
877 1873 960 1944 duos
990 1875 1231 1972 epistolarum,

164 1999 201 2054 et
220 1983 360 2054 fortasse
380 1982 492 2080 plures
513 1983 649 2057 adeum
670 1983 817 2078 scripsit,
836 1997 874 2052 ut
894 2008 936 2052 ex
952 1983 1145 2070 Macrobio‚
1170 1985 1227 2057 lib.

163 2091 200 2160 Π
220 2087 403 2178 saturnal,
429 2113 632 2186 cognoscere
651 2087 752 2176 licet,
778 2087 872 2182 cujus
899 2087 971 2158 lraec
994 2089 1097 2158 verba
1122 2105 1228 2162 sunt:

170 2197 311 2266 «Testis
330 2194 418 2266 idern
437 2189 574 2284 Cicero,
594 2197 651 2291 qui
672 2197 707 2264 in
724 2193 780 2265 lib.
806 2191 1018 2290 epistolarum
1040 2196 1083 2263 ad
1103 2196 1228 2268 Corne·

165 2301 247 2372 lium
266 2303 432 2398 Nepotem
454 2300 598 2374 secundo
620 2303 667 2372 sic
686 2301 753 2372 ait:
768 2305 884 2396 Itaque
901 2300 1021 2388 nostri,
1036 2325 1139 2396 quum
1157 2330 1228 2374 om·

164 2409 235 2494 nia,
256 2433 329 2504 quae
350 2407 562 2496 dixissemus,
581 2407 671 2478 dicta
689 2423 814 2494 essent,
833 2431 905 2502 quae
926 2405 1046 2496 facete,
1065 2421 1098 2477 et
1114 2408 1228 2480 brevi·

164 2529 234 2604 ter,
250 2527 283 2584 et
298 2528 394 2584 acute
419 2513 520 2584 locuti
539 2538 702 2600 essemus,
713 2537 752 2581 ea
771 2513 907 2607 proprio
921 2513 1053 2582 nomine
1069 2514 1229 2610 appellari

165 2619 255 2692 dicta
271 2618 457 2690 voluerunt.
482 2649 499 2684 o
521 2618 651 2690 Profert
670 2632 703 2688 et
718 2619 922 2705 Priscianus,
943 2617 997 2688 lib.
1017 2621 1120 2709 v111,
1145 2621 1228 2691 illud

165 2751 206 2796 cx
220 2727 315 2821 epist.
338 2727 505 2796 Ciceronis
526 2726 568 2796 ad
585 2727 751 2820 Nepotem
773 2751 780 2791 :
804 2753 822 2788 a
836 2727 910 2792 Hoc
927 2726 1092 2794 restiterat
1109 2729 1225 2818 etiam,

165 2847 205 2901 ut
218 2847 285 2902 ate
298 2831 384 2902 fictis
398 2831 595 2928 aggrederer
608 2830 741 2914 donis.»
755 2829 974 2924 Aggrcderer
985 2831 1112 2924 passive
1128 2831 1226 2922 dixit,

165 2940 272 3033 inquit
290 2939 483 3008 Priscianus.
506 2941 549 3008 Et
574 2935 655 3008 illud
672 2936 819 3030 eiusdem
840 2936 883 3005 ad
909 2935 1089 3006 eumdem:
1119 2966 1136 3002 u
1155 2941 1222 3028 Qui

164 3045 285 3134 habet,
297 3041 385 3114 ultro
403 3044 586 3140 appetitum
599 3045 655 3138 qui
673 3057 723 3112 est
741 3067 884 3140 pauper,
898 3057 1129 3136 aspernatur.»
1148 3045 1223 3114 Fuit

164 3165 277 3220 autem
298 3149 378 3219 Padi
399 3146 529 3236 accola,
549 3165 587 3220 ut
609 3149 695 3219 idem
717 3147 797 3218 Plin.
818 3163 971 3236 testatur,
987 3147 1042 3218 lib.
1063 3151 1133 3234 111,
1148 3175 1220 3246 cap.

171 3257 227 3328 18.
251 3257 303 3326 Ex
325 3281 393 3352 quo
414 3257 578 3328 Ausonius
597 3278 672 3325 eum
694 3257 728 3324 in
754 3253 862 3325 Gallia
887 3255 964 3324 facit
985 3279 1055 3323 esse
1082 3269 1222 3344 natum,

164 3361 304 3458 epistola
330 3362 374 3431 ad
401 3363 606 3458 Drepanium
633 3360 758 3448 lilium,
786 3385 859 3456 qum
882 3375 932 3432 est
952 3360 1068 3430 ordine
1086 3365 1222 3452 XXIV,

163 3467 217 3542 his
235 3468 362 3557 verbis,
380 3493 453 3564 quae
470 3494 511 3538 eo
529 3468 683 3538 libentius
703 3467 903 3550 adscribam,
916 3466 1006 3560 quod
1024 3492 1136 3537 versus
1155 3493 1222 3540 non

165 3577 243 3644 satis
256 3589 335 3644 sunt
353 3574 537 3660 emendati,
550 3575 649 3644 etiam
667 3575 700 3642 in
722 3572 864 3642 editione
882 3573 1113 3668 Christophori
1132 3573 1222 3642 Plau·

165 3681 241 3768 tini,
261 3679 380 3774 alioqui
402 3681 599 3778 typographi
617 3679 800 3776 diligentis3
815 3701 920 3774 neque
939 3693 1049 3748 tamen
1075 3679 1222 3772 spondeo

167 3809 219 3854 me
232 3786 295 3855 tibi
309 3785 415 3858 multo
429 3787 667 3857 emendatiores
688 3785 906 3855 traditurum:
925 3815 942 3850 e
957 3788 1020 3855 Cui
1035 3784 1123 3854 dono
1142 3782 1221 3880 lepi-

167 3889 247 3960 dum
270 3917 393 3964 novum
422 3893 588 3965 libellum?
608 3894 807 3964 Veronensis
833 3893 879 3960 ait
904 3905 1001 3984 poeta
1028 3889 1222 3984 quondam,

168 3997 372 4094 Inventoque
388 4000 601 4071 deditstatim
615 4001 746 4096 Nepoti.
770 4002 815 4067 At
827 4023 888 4066 nos
905 3993 1090 4090 illepidum,
1108 3995 1223 4088 rudem

166 4097 330 4198 libellum,
347 4111 488 4196 Burrus,
503 4105 707 4204 quisquilias,
727 4107 932 4200 ineptiasque
953 4097 1134 4176 Credemus
1149 4127 1226 4202 gre-

985 4235 1018 4314 D
