3200 5120
417 492 466 537 xx
651 469 1224 542 NOTITIA'LITTERARIA

417 614 450 668 et
470 597 665 693 expolitum,
688 599 822 688 obtulit,
840 613 878 668 ut
898 599 1051 694 colligere
1072 600 1149 670 licet
1169 628 1209 671 ex
1224 604 1300 696 ipsis
1316 602 1377 671 illis
1391 627 1462 671 ver·-

416 705 504 775 sibus
525 707 659 798 antiquo
679 705 793 774 Codici
814 706 974 799 praefixis,
996 707 1115 800 quibus
1136 709 1281 776 Probum
1298 723 1460 778 auctorem
1577 757 1578 800 5

415 809 533 880 harum
553 813 696 880 vitarum
715 811 822 880 facere
843 813 904 879 viri
921 813 1010 880 docti
1027 811 1225 882 voluerunt:

479 1000 566 1065 vade
582 1000 681 1081 liber3
699 1001 815 1075 nostri,
831 1001 897 1064 fato
918 1001 1067 1084 meliore,
1087 1021 1272 1087 memento;

520 1107 633 1188 Quum
647 1107 731 1194 leget
749 1105 816 1168 haec
834 1104 1002 1188 dominus,
1019 1123 1051 1170 te
1067 1108 1144 1171 sciat
1161 1131 1229 1172 esse
1246 1131 1369 1174 meum.

474 1211 523 1276 Ne
541 1213 651 1274 timeas
668 1213 757 1274 l'ulvo
773 1211 899 1274 strictos
918 1210 1096 1275 diademate
1115 1215 1249 1292 omneis,

517 1314 680 1378 Ridenteis
698 1313 853 1376 blandum
872 1315 922 1376 vel
940 1315 1056 1402 pietate
1074 1319 1196 1384 oculos.

475 1419 666 1486 Communis
682 1419 825 1492 cunctis,
846 1419 1016 1482 hominum
1038 1420 1094 1484 sed
1113 1444 1212 1511 regna
1228 1440 1337 1488 tenere

518 1525 557 1586 Se
578 1522 743 1603 meminit3
760 1522 860 1586 vincit
876 1523 954 1588 hinc
973 1525 1073 1614 magis
1089 1527 1142 1590 ille
1158 1528 1316 1592 homines.

475 1629 642 1692 Ornentur
657 1627 798 1702 steriles,
818 1629 916 1691 l'acilis
934 1644 1076 1706 tectura,
1095 1631 1214 1696 libelli:

516 1731 702 1796 Theodosio
718 1748 751 1794 et
767 1729 870 1797 doctis
888 1735 1030 1797 earmina
1049 1734 1135 1800 nuda
1153 1737 1288 1826 placent.

475 1838 507 1902 si
523 1854 615 1926 rogat
632 1853 815 1914 auctorem,
834 1839 998 1924 paullatim
1016 1839 1130 1928 detege
1149 1859 1298 1906 nostrum

453 1977 457 1994 ·
517 1943 613 2004 Tunc
632 1941 774 2005 Domino
791 1963 928 2024 nomen;
945 1965 997 2006 me
1013 1944 1091 2007 sciat
1108 1968 1176 2009 csse
1192 1947 1347 2011 Probum.

475 2049 618 2134 Corpore
633 2046 668 2108 in
686 2046 749 2109 hoe
766 2069 881 2110 manus
897 2062 945 2110 est
961 2048 1139 2136 genitricis,
1156 2051 1288 2138 avique,
1305 2053 1433 2142 meique
1455 2073 1462 2113 :

516 2151 651 2226 Felices,
669 2151 847 2215 Dominum
870 2173 942 2238 quae
964 2174 1127 2236 meruere,
1146 2159 1275 2220 manus!
1299 2147 1303 2154 ⁴

409 2361 567 2430 Diversus
584 2357 625 2424 ab
645 2353 773 2424 AEmilio
791 2356 900 2424 Probo
919 2371 952 2424 et
966 2357 1079 2449 junior
1097 2373 1147 2428 est
1164 2361 1308 2448 Probus,
1323 2365 1375 2430 vir
1393 2361 1465 2430 doc·

408 2479 462 2533 tus
480 2479 512 2532 et
532 2462 685 2544 illustris,
702 2460 743 2529 de
763 2487 829 2556 quo
850 2463 1043 2534 Sirmondus
1064 2464 1106 2534 ad
1131 2467 1273 2536 Ennodii
1299 2465 1354 2536 lib.
1380 2467 1465 2545 vll,

410 2571 511 2662 Epist.
537 2592 595 2663 ²7·

846 2676 1034 2742 Versz'ones.

463 2880 657 2947 Versionern
676 2877 827 2943 Vitarum
840 2873 977 2968 Nepotis
997 2874 1146 2980 Graecpm
1161 2875 1277 2946 habuit
1287 2879 1337 2946 Jo.
1352 2881 1466 2949 Chris·

413 2983 572 3078 tophorus
587 2979 746 3064 Wolfius,
762 2980 886 3045 incerto
900 2992 1043 3046 auctore.
1059 2983 1193 3050 Initium
1213 2997 1284 3050 est:
1300 2989 1316 3050 ὁ
1331 2987 1465 3054 Μιλτιά-

413 3082 469 3166 δης
481 3098 536 3154 τοῦ
546 3086 702 3176 Κίμωνος,
716 3087 749 3148 ἐκ
761 3093 816 3159 τῆς
827 3091 888 3148 τῶν
902 3083 1026 3155 Αθηνῶν
1044 3087 1158 3163 πόλεως
1171 3097 1231 3180 ,τῇ
1248 3093 1366 3178 παλαιᾷ
1382 3092 1465 3186 'lul‘

413 3219 458 3260 oa
479 3193 530 3258 καὶ
548 3199 587 3282 τῇ
602 3181 679 3276 δόξᾳ
698 3195 759 3253 τῶν
773 3192 1050 3281 προγεγενημένων,
1070 3205 1131 3260 etc.

465 3296 641 3364 Versiones
662 3290 870 3378 vernaculas,
897 3317 1076 3388 puerorum
1096 3319 1194 3366 causa
1218 3299 1354 3392 scriptas
1377 3303 1465 3370 Ger·

413 3402 558 3486 monice,
578 3423 646 3466 non
664 3398 780 3466 attinet
798 3422 1074 3486 commemorare,
1090 3425 1151 3470 nec
1169 3399 1294 3472 libellos
1315 3405 1466 3499 phraseo

412 3508 551 3602 logicos,
571 3519 628 3572 aut
641 3504 858 3572 imitationum
875 3503 1048 3597 puerilium
1063 3505 1189 3576 libros¹.
1206 3507 1335 3602 Belgice
1351 3533 1466 3580 versus

414 3628 463 3684 est
477 3635 497 3680 a
512 3614 561 3680 Jo.
576 3608 740 3694 Hilaride,
752 3608 909 3678 Roterod.
927 3609 1040 3696 1688,
1060 3634 1116 3698 123
1130 3611 1255 3682 Gallice
1268 3638 1287 3682 a
1298 3615 1465 3684 Beruardo

414 3715 571 3802 Girumu,
592 3716 691 3783 Paris.
721 3711 836 3800 1568,
856 3716 898 3800 Δς
918 3716 960 3783 ab
978 3716 1053 3784 Ant.
1076 3719 1208 3806 Pineto,
1225 3744 1323 3813 quern
1340 3743 1425 3812 saepe
1445 3743 1466 3786 a

457 3957 482 3990 1.
502 3939 562 3990 Non
578 3947 616 3988 est
632 3929 813 4006 pretereunda
829 3943 916 3984 tamen
961 3951 1022 3985 eum
1037 3932 1154 4004 ejusdem
1168 3935 1393 4000 annotationibus,
1406 3953 1465 4008 qua

415 4015 499 4070 versio
516 4015 672 4076 novissima,
687 4011 779 4065 ceteris
793 4023 917 4082 prostan-
960 4010 1061 4083 prodiit
1082 4013 1247 4068 Franoelurti
1265 4012 1300 4065 ad
1325 4015 1463 4076 Manum.

414 4096 483 4156 tior,
502 4107 607 4148 auctore
628 4093 690 4145 clar.
713 4091 915 4160 Bergstroesmo,
961 4109 1032 4144 anno
1049 4093 1122 4162 1783
1135 4135 1143 4156 ‚
1157 4107 1246 4146 octava
1260 4093 1352 4146 forma.
