3200 5120
577 485 856 556 PRAEFATIO.
1211 513 1246 560 tx

192 657 260 706 non
281 633 433 706 sufficere
452 634 504 704 his
523 637 726 730 temporibus
747 636 911 722 arbitrati,
934 661 1001 706 non
1022 649 1150 706 tantum
1169 661 1244 708 cum

190 784 330 878 Nepotis
343 780 451 850 verbis
462 784 655 852 Graecorum
665 781 922 876 Latinorumque
938 783 1113 851 sententias
1127 783 1245 852 usitate

190 921 405 1004 contulimus;
425 921 498 1009 sed,
519 934 556 990 ut
575 923 688 1016 patriae
706 923 806 1017 ipsius
824 933 943 990 nostre
961 923 1053 1016 quasi
1075 923 1242 1017 ingenium

191 1061 378 1132 editiohaec
390 1084 477 1129 nova
498 1081 565 1154 prae
585 1084 618 1130 se
635 1060 750 1148 ferret,
770 1057 941 1129 Gallorum
960 1084 1090 1154 quoque
1112 1061 1246 1154 scripto·

190 1227 265 1272 rum
286 1200 378 1271 locos
396 1199 515 1270 similes
535 1175 712 1270 identidem
730 1199 952 1288 laudavimus,
973 1225 1035 1295 pro
1054 1199 1172 1298 quibus
1188 1225 1246 1269 ve·

190 1343 281 1410 niam
304 1366 365 1410 nos
380 1337 432 1410 vel
450 1339 492 1408 ab
511 1337 699 1436 alienigenis
717 1343 947 1436 impetraturos
963 1339 1167 1410 confidimus.
1192 1341 1245 1410 Sic

190 1495 243 1569 et,
259 1496 373 1550 exacta
387 1480 642 1576 uniuscujusque
656 1483 860 1577 imperatoris
870 1496 927 1551 aut
939 1481 1072 1552 illustris
1088 1483 1149 1550 viri
1161 1484 1246 1570 vita,

193 1635 269 1714 post
289 1622 425 1689 Graecos
445 1621 663 1714 latinosque,
684 1621 741 1714 qui
764 1619 861 1713 hujus
882 1621 1081 1690 mentionem
1093 1622 1246 1709 fecerint,

193 1759 236 1828 ad
248 1757 375 1830 Gallica
386 1761 484 1829 etiam
498 1761 618 1856 scripta
631 1760 805 1849 lectorem,
817 1760 931 1856 siquid
945 1759 1135 1856 explicatius
1148 1759 1244 1847 velit,

194 1900 400 1968 remittimus.

244 2057 378 2143 Restat,
401 2069 438 2126 ut
458 2053 499 2125 de
516 2054 744 2126 additamentis
765 2080 870 2152 pauca
888 2070 1092 2126 moneantur.
1114 2056 1243 2125 Editio-

195 2219 268 2264 nem
290 2197 375 2266 hanc
397 2196 682 2292 locupletavimus,
696 2199 804 2268 statim
825 2195 867 2267 ah
888 2200 996 2286 initio,
1011 2199 1090 2268 Vita
1111 2194 1242 2267 Cornel.

194 2337 330 2431 Nepotis
348 2361 367 2406 a
382 2340 422 2407 G.
434 2341 462 2406 J.
480 2339 598 2409 Vossio
617 2340 756 2434 scripta,
773 2339 898 2408 Notitia
915 2337 1071 2408 litteraria
1089 2342 1116 2407 J.
1132 2340 1172 2407 A.
1187 2341 1245 2406 Fa·

195 2475 303 2566 bricii,
328 2491 476 2546 veterum
503 2501 542 2546 ac
566 2479 794 2547 recentiorum
809 2477 850 2546 de
872 2481 1002 2573 Nepote
1032 2479 1243 2564 testimoniis;

195 2617 328 2706 exinde,
350 2619 514 2688 mantissae
536 2620 652 2705 instar,
674 2642 784 2687 rerum
805 2616 1065 2688 memorabilium
1088 2617 1244 2688 Chrono-

195 2754 281 2852 logia
295 2783 335 2826 ex
346 2757 487 2827 editione
500 2757 601 2828 altera
610 2759 814 2848 Tzschucltii,
825 2758 868 2827 ob
880 2758 1072 2827 brevitatem
1087 2771 1120 2826 et
1133 2757 1245 2845 fidem,
1278 2797 1282 2810 ι

195 2896 387 2994 desumpta,
398 2914 431 2968 et
443 2899 496 2988 iis,
510 2923 592 2994 quos
605 2889 741 2988 vocant,
752 2897 967 2968 Excursibus:
981 2897 1035 2968 hic
1046 2899 1074 2967 J.
1085 2899 1126 2966 Η.
1139 2896 1246 2968 Schle·

195 3035 269 3131 gelii
301 3037 578 3108 Observationum
602 3036 740 3128 librum,
767 3063 866 3132 quem
892 3037 954 3108 Th.
983 3037 1063 3108 Chr.
1090 3036 1246 3128 Harless,

195 3177 273 3246 dum
294 3175 372 3248 alias
389 3177 611 3248 doctissimum
622 3193 656 3249 et
668 3179 710 3248 ad
730 3179 874 3248 tructam
892 3177 1114 3274 plenissimum
1127 3203 1244 3274 agnos·

195 3319 257 3406 cit,
284 3320 493 3414 parcimoniae
517 3344 614 3390 causa
637 3321 759 3390 invitus
786 3331 1029 3416 suppresserat,
1050 3321 1118 3391 fere
1138 3333 1245 3390 totum

195 3460 351 3543 maxima,
377 3473 414 3528 ut
440 3459 504 3528 tale
527 3484 611 3554 opus
637 3458 791 3548 decebat,
820 3483 899 3529 eura
923 3459 1062 3529 exscribi
1079 3460 1243 3554 jussimus.

194 3601 361 3668 Excursus
391 3597 521 3668 claudet
543 3599 701 3670 hactenus
727 3599 849 3669 inedita
872 3600 957 3668 inter
979 3598 1193 3700 Plutarchum
1213 3613 1247 3667 et

194 3739 358 3836 Nepotem
375 3741 587 3838 comparatio.
600 3743 686 3812 Tum
704 3755 879 3812 occurrent
899 3741 965 3810 duo
984 3741 1137 3828 Indices,
1158 3764 1245 3809 novo

195 3881 304 3950 studio
324 3882 504 3971 emendati,
518 3882 601 3951 alter
616 3883 790 3954 historicus
811 3897 845 3952 et
862 3881 1116 3978 geographicas,
1135 3904 1244 3976 gram·

192 4022 333 4092 maticus
350 4021 448 4112 alter;
463 4022 660 4116 tandemque
681 4022 785 4093 Index
799 4022 1038 4118 precipuamm
1051 4021 1246 4108 editionum,
