3282 5156
186 553 370 576 mmmm
375 547 697 576 mommsen-mmm
703 555 1243 578 mmmmmumsmmmn

442 777 990 914 EXCURSUS

184 1077 226 1165 J.
269 1075 322 1162 A.
362 1073 572 1187 BOSII,
614 1075 667 1163 A.
705 1075 833 1164 VAN
877 1075 1242 1186 STAVEREN,

519 1299 521 1304 ·
599 1301 843 1370 mortun,

227 1501 328 1606 AD
364 1499 807 1607 CORNELIUM
845 1497 1207 1606 NEPOTEM.

410 1771 1031 1806 *ια-Φ...-

228 2007 385 2070 Pttnrsrto,
399 2023 427 2074 p.
440 2005 466 2058 3.
487 2003 564 2057 Nulla
582 2003 748 2055 Lacedoetnoni
763 2015 810 2054 tssn
826 2015 862 2055 cst
876 2003 961 2055 nobils's
975 2003 1063 2066 vidus,
1080 2023 1134 2078 quae
1150 2023 1196 2056 non
1212 2006 1248 2058 ad

182 2105 283 2141 scencnr
300 2097 341 2137 ens
355 2084 459 2135 nemeis
476 2083 601 2134 condricta.
628 2080 692 2135 vid.
716 2081 780 2134 Obs.
799 2082 874 2135 Misc.
894 2082 963 2135 Nor.
985 2095 1048 2136 tom.
1072 2097 1118 2145 vr,
1138 2103 1165 2155 p.
1182 2085 1248 2140 tro.

184 2168 284 2221 stam.
306 2163 498 2232 Heusingerus,
513 2163 557 2213 cui
573 2161 608 2211 ad
625 2179 718 2212 scenam
738 2163 772 2210 ire
791 2179 846 2211 nou
867 2161 947 2212 lstine
968 2158 1071 2214 dictum
1097 2161 1249 2228 videbatur,

186 2242 380 2298 emendaturus
392 2253 463 2305 erut,
474 2240 509 2290 sd
521 2241 598 2290 lenens
611 2251 659 2290 est.
680 2239 759 2290 &cus
772 2250 858 2290 sutem
873 2237 980 2290 videtur
989 2240 1088 2292 Stsver.
1102 2241 1130 2292 in
1139 2241 1248 2295 Miscell.

186 2341 283 2386 mem,
293 2339 328 2390 'so
344 2321 474 2390 Nepotem
487 2335 588 2371 morem
602 2317 751 2385 Laconum,
764 2335 817 2387 quo
832 2317 910 2369 etism
926 2317 1048 2370 mulieres
1061 2317 1191 2372 athleticis
1203 2340 1249 2392 pn·

186 2405 284 2457 lassu-se
304 2399 433 2452 exercitiis
448 2415 555 2469 operam
568 2395 678 2462 dubunt,
692 2396 834 2468 respexisse
847 2406 937 2467 putet,
948 2409 975 2448 et
981 2395 1113 2470 indicere,
1128 2397 1248 2453 Lecedsr·

188 2497 272 2536 mone
286 2479 386 2532 nullom
401 2478 480 2531 subse
498 2489 551 2529 tum
572 2476 689 2530 nobilem
708 2475 940 2546 sessionemque,
959 2494 974 2528 s
991 2477 1055 2528 viris
1069 2489 1095 2528 et
1114 2474 1248 2550 inprimis

189 2559 401 2615 adolescentibus
415 2556 552 2628 quibusvis
569 2556 656 2628 pretio
676 2553 792 2626 quodem
805 2555 852 2607 rili
869 2553 991 2625 pellente,
1004 2573 1059 2608 non
1074 2556 1162 2609 stetim
1175 2576 1249 2611 susm

189 2637 304 2694 domurn
318 2638 478 2708 reliquisset,
494 2648 520 2688 et
534 2653 595 2688 cunt
608 2636 640 2688 iis
653 2636 742 2688 ivisset
752 2631 786 2687 td
800 2634 945 2706 palustrem
954 2671 962 2699 ,
972 2653 1050 2705 φιιηι
1060 2653 1152 2687 scenam
1160 2652 1249 2704 vocet,
1293 2665 1296 2674 ·

189 2720 256 2792 quis
269 2715 340 2790 apud
352 2719 484 2769 Roinsnos
496 2733 572 2768 wenc
587 2727 662 2768 notet
673 2713 791 2786 quemvis
804 2714 907 2777 locum,
920 2713 947 2764 iu
961 2732 1017 2784 quo
1032 2713 1090 2785 quis
1103 2719 1250 2786 spectsenlo

190 2811 241 2854 est.
262 2797 331 2850 Dein
342 2795 432 2862 docet,
445 2800 480 2848 s're
494 2795 529 2845 nd
541 2814 634 2847 scenam
650 2795 732 2847 latine
745 2790 799 2846 dici
812 2815 820 2857 ς
835 2805 862 2845 et
876 2791 948 2845 eliud
960 2811 1031 2858 esse,
1045 2797 1079 2844 ise
1094 2795 1129 2846 cd
1141 2814 1249 2857 scenam,-

189 2875 281 2942 aliud,
291 2877 390 2948 prodire
407 2882 431 2927 in
445 2895 545 2927 scenam.
564 2875 604 2926 Ire
619 2873 654 2925 nd
665 2891 758 2925 scenam
771 2872 924 2924 latinissime
939 2870 1053 2937 dicitur,
1066 2871 1147 2925 domo
1163 2875 1250 2946 egredi

190 2957 227 3012 ad
240 2958 327 3010 locum
341 2954 494 3028 spectaculis
511 2951 620 3006 edendis
632 2954 818 3018 coustitutum,
837 2951 934 3024 prodire
947 2955 972 3005 s'n
984 2971 1076 3004 scenam
1090 2967 1176 3017 notat,
1196 2975 1250 3008 sese

188 3042 245 3112 jum
258 3039 286 3090 in
299 3055 375 3090 scena
388 3037 492 3100 sistere,
511 3045 538 3086 et
548 3032 737 3105 spectatoribus
752 3029 969 3104 conspiciendum
981 3032 1115 3104 prebere,
1129 3036 1251 3107 tuncjam

190 3129 281 3190 partes
294 3129 421 3170 soturum.
443 3115 498 3168 Nec
511 3115 661 3185 tautologiae
671 3125 710 3164 est
720 3110 910 3164 insimulandus
923 3112 1025 3182 Nepos,
1039 3130 1121 3182 quum
1136 3113 1180 3166 bic
1195 3127 1253 3186 ngat

194 3209 299 3248 tentum
315 3194 349 3248 de
363 3195 519 3247 mulieribus
534 3194 670 3258 Lacunis,
690 3205 716 3245 et
730 3191 808 3264 paulo
823 3204 884 3262 post
899 3189 933 3243 de
950 3191 1073 3243 omnibus
1086 3189 1184 3245 Grecis
1199 3207 1250 3246 tarn
1361 3251 1365 3262 ¹

193 3275 272 3334 viris,
287 3293 365 3344 quam
378 3273 490 3326 leminis.
503 3273 623 3344 Denique
631 3291 679 3345 per
689 3271 837 3323 oiduasnon
849 3269 916 3322 sdeo
925 3268 1100 3341 intelligendu
1111 3271 1150 3324 illi
1160 3271 1252 3326 viden·

195 3367 242 3406 tur
255 3365 344 3424 nuptu
357 3352 474 3418 lemine,
494 3369 552 3422 qun
565 3353 673 3404 maritos
688 3363 773 3404 morte
786 3349 892 3402 amissos
904 3349 1023 3422 lugesut;
1039 3347 1084 3402 sed
1097 3363 1124 3403 et
1137 3352 1253 3426 innupte

195 3445 224 3486 et
238 3445 329 3502 nuptie
344 3431 446 3482 moritis
460 3428 607 3496 destitute,
625 3449 656 3483 ec
673 3431 734 3482 sola
747 3431 775 3482 in
789 3427 903 3494 sedibus,
928 3447 986 3501 quse
999 3429 1067 3482 forte
1082 3449 1131 3484 neo
1143 3432 1252 3498 clause,

195 3530 246 3566 nec
259 3510 355 3582 quibus
377 3507 499 3562 custodes
518 3509 631 3582 appositi
647 3509 718 3573 sint,
737 3508 842 3562 relicte.
871 3507 934 3561 llsec
953 3509 1042 3561 omnis
1059 3509 1141 3564 fusius
1159 3513 1254 3583 probat

196 3592 317 3655 steven,
333 3586 455 3660 idemque
472 3589 558 3660 rejicit
566 3589 609 3641 lo.
626 3585 879 3642 ttssdebrwnhoffi
893 3601 1071 3641 commentum
1082 3589 1111 3642 in
1123 3590 1253 3643 Encseniis

195 3670 310 3736 criticis,
322 3667 475 3740 reponentis
488 3669 613 3720 Encoensis.
627 3667 659 3720 ln
671 3667 843 3739 explicatione
856 3680 942 3722 temen
957 3667 1102 3720 Stsvereuii
1117 3688 1160 3721 me
1172 3669 1255 3722 otten-

196 3751 267 3805 dunt
279 3767 368 3815 voces,
381 3747 484 3800 mercede
494 3747 629 3799 conducta:
644 3764 692 3800 cur
705 3759 769 3799 tuuc
782 3760 859 3818 turpe
871 3745 1029 3817 putubatur?
1040 3747 1159 3818 Amplius
1174 3748 1254 3818 igitur

197 3827 392 3904 dispiciendum
417 3846 487 3884 esse,
506 3845 566 3880 curn
583 3825 701 3879 Btuclero
719 3826 841 3879 arbitror.
867 3825 966 3877 Forsan
984 3821 1058 3877 dedit
1075 3826 1178 3898 Nepos,
1201 3847 1253 3900 quoe

196 3931 244 3962 non
255 3909 373 3962 uudseat
383 3908 419 3959 nd
426 3925 527 3968 scenam,
540 3906 568 3958 b.
576 3925 598 3960 e.
607 3907 754 3978 palustrem
766 3924 773 3958 z
788 3905 853 3957 nssds
866 3904 937 3958 euim
951 3905 1020 3956 inter
1032 3923 1079 3956 non
1091 3918 1117 3958 et
1130 3919 1168 3958 ent
1180 3906 1254 3960 focile

198 3989 267 4042 elabi
284 4001 402 4062 potesat3
431 3999 458 4040 et
475 4005 558 4058 quum
579 3983 658 4038 nudie
676 3985 771 4056 puelle
790 3995 931 4037 certassent
952 4000 1013 4036 cum
1031 3980 1252 4048 adolescentibus,

198 4087 288 4122 noune
299 4068 386 4122 viduis
402 4085 524 4140 quoque,
552 4067 639 4118 forsan
658 4061 691 4116 nd
713 4081 795 4118 novoe
811 4073 939 4117 amatores
956 4061 1006 4114 eibi
1024 4061 1167 4132 parandos,
1185 4063 1253 4117 idem

196 4145 296 4202 licitum
306 4149 385 4202 luisse
394 4145 516 4202 ridetur?
528 4165 554 4200 v.
568 4145 722 4212 Heusinger.
740 4143 865 4216 bentley,
880 4139 913 4194 nd
924 4137 1030 4196 Phaedri
1043 4142 1096 4198 tab.
1108 4161 1149 4214 rr,
1162 4151 1211 4214 sl,
1225 4149 1251 4212 ti,
