3282 5156
618 531 853 600 ATTICUS.
1192 533 1266 605 283

203 666 336 748 stituta,
355 675 520 732 vetustate
535 677 633 757 atque
647 663 773 732 incuria
794 662 922 732 detecta
942 661 1189 758 prolaberetur,
1210 679 1266 754 ut,

202 771 303 838 Attici
324 766 512 854 admonitu,
534 770 645 838 Caesar
667 795 740 840 eam
756 760 971 839 'reficiendam
989 783 1128 838 curaret.
1148 773 1265 867 Neque

203 901 284 946 vero
299 875 342 944 ab
361 877 407 944 Μ.
427 876 571 946 Antonio
583 879 691 946 minus
708 877 825 945 absens
840 875 954 945 litteris
964 875 1153 963 colebatur3
1167 878 1265 965 adeo,

204 996 242 1051 ut
259 992 413 1050 accurate
434 979 488 1051 ille
509 1007 549 1050 ex
568 980 689 1052 ultimis
707 967 830 1069 terris³,
847 981 926 1076 quid
945 996 1076 1077 ageret,
1098 1007 1186 1052 curae
1204 985 1265 1053 sibi

204 1086 343 1157 baberet
362 1090 541 1157 certiorem
560 1087 668 1156 facere
690 1090 844 1157 Atticum.
863 1091 936 1166 Hoc
954 1087 1049 1182 quale
1068 1089 1124 1175 sit,
1139 1088 1267 1158 facilius

204 1193 402 1264 existimabit
421 1196 469 1281 is,
488 1197 544 1287 qui
556 1195 704 1287 judicare
725 1197 862 1290 poterit,
880 1209 1011 1289 quantas
1024 1197 1065 1264 sit
1083 1197 1266 1289 sapientiae,

205 1324 321 1368 eorum
344 1303 484 1370 retinere
499 1325 596 1370 usum
610 1300 958 1394 benevolentiamque,
972 1303 1058 1370 inter
1068 1322 1151 1394 quos
1162 1304 1266 1370 maxi·

206 1430 336 1476 marum
352 1431 464 1476 rerum
485 1431 553 1474 non
567 1404 674 1476 solum
694 1406 875 1492 emulatio,
892 1406 948 1476 sed
964 1406 1160 1475 obtrectatio
1175 1421 1267 1476 tanta

207 1512 447 1599 intercedebat,
467 1527 625 1607 quantum
652 1512 714 1582 fuit
739 1513 883 1582 incidere
903 1537 1034 1582 necesse
1054 1515 1139 1580 inter
1158 1515 1266 1582 Caesa-

208 1641 277 1688 rem
299 1634 397 1713 atque
425 1620 627 1704 Antonium,
649 1643 751 1713 quum
775 1643 808 1688 se
827 1633 966 1713 uterque
990 1621 1173 1716 principem
1198 1643 1266 1688 non

208 1724 314 1796 solum
336 1725 427 1794 urbis
452 1727 628 1810 Romanas,
647 1725 704 1795 sed
722 1724 811 1794 orbis
829 1740 1011 1811 terrarum,
1029 1741 1100 1794 esse
1121 1738 1266 1820 cuperet.

261 1832 355 1900 XXI.
374 1829 446 1900 Tali
467 1830 567 1901 modo
591 1855 694 1926 quum
713 1847 838 1927 septem
858 1847 892 1900 et
911 1830 1141 1926 septuaginta¹
1164 1855 1268 1902 annos

209 1935 422 2032 complesset,
446 1952 544 2030 atque
568 1937 610 2006 ad
634 1953 813 2008 extremam
841 1952 1043 2007 senectutem
1071 1958 1139 2005 non
1160 1939 1269 2006 minus

208 2042 390 2138 dignitate,
405 2067 504 2138 quam
516 2045 621 2137 gratia
639 2044 836 2138 fortunaque
851 2037 1032 2132 crevisset(
1047 2043 1168 2112 multus
1181 2047 1268 2112 enim

208 2147 408 2220 hereditates
422 2147 512 2218 nulla
527 2148 590 2218 alia
609 2174 664 2234 re,
682 2173 780 2244 quam
794 2151 956 2236 bonitate,
971 2163 1021 2219 est
1038 2143 1270 2237 consecutus),

209 2269 366 2349 tantaque
384 2257 601 2350 prosperitate
623 2279 702 2325 usus
717 2270 803 2325 esset
823 2254 1038 2340 valetudinis,
1053 2269 1091 2323 ut
1105 2257 1198 2323 annis
1210 2258 1268 2324 tri-

211 2363 301 2454 ginta
315 2361 476 2431 medicina
485 2385 553 2430 non
562 2362 753 2456 indiguisset
764 2387 773 2447 ;
785 2377 901 2431 nactus
919 2375 969 2430 est
983 2360 1155 2447 morbum,
1169 2385 1267 2454 quem

211 2469 306 2537 initio
317 2481 351 2536 et
365 2470 434 2562 ipse
453 2483 486 2538 et
497 2468 614 2536 medici
627 2481 916 2562 contempserunt:
932 2491 1009 2536 nam
1027 2481 1186 2562 putarunt
1198 2491 1270 2535 esse

211 2587 382 2644 tenesmon
401 2624 412 2660 ,
432 2576 486 2644 cui
500 2573 643 2642 remedia
665 2572 782 2642 celeria
801 2571 970 2668 faciliaque
987 2573 1266 2668 proponebantur.

211 2681 252 2748 In
265 2679 329 2749 boc
343 2705 445 2773 quum
460 2695 527 2749 tres
541 2705 668 2748 menses
678 2683 747 2749 sine
762 2680 838 2748 ullis
849 2678 1037 2766 doloribus,
1048 2693 1268 2773 preterquam

212 2810 295 2880 quos
305 2811 346 2854 ex
356 2787 525 2854 eumtione
535 2786 700 2881 capiebat,
714 2789 972 2881 consumpsisset
981 2811 990 2872 ;
999 2785 1107 2856 subito
1116 2799 1208 2854 tanta
1221 2787 1269 2853 vis

213 2986 566 3040 -Deteeta.Tectosoilioet
575 2983 718 3040 admodum
762 3003 956 3057 nonnunquam
978 2983 1270 3057 interpellatamluisse,

214 3078 349 3137 compto.
763 3066 898 3119 Ciceronis
906 3064 1022 3138 epistole
1032 3061 1268 3117 indicant.Tzs.—

258 3147 282 3198 3.
300 3147 343 3197 Ee
361 3146 448 3198 meinis
464 3149 542 3198 terris.
565 3143 598 3198 ld
616 3157 671 3210 est,
691 3159 720 3198 ut
763 3145 857 3198 Nactus
864 3158 907 3198 est.
921 3143 1269 3215 Rariorbeclocutio,que

214 3224 403 3295 interpretetur
413 3225 562 3286 Manutius,
576 3245 608 3278 ex
622 3228 722 3298 AEgyp·
764 3238 851 3280 tamen
867 3226 1002 3298 pessimet
1018 3223 1080 3276 alibi
1095 3222 1127 3276 ad
1143 3223 1209 3276 male
1225 3241 1267 3276 re·
1308 3229 1311 3238 “

217 3315 262 3368 toa
281 3305 324 3356 alii
335 3305 442 3377 legunt,
456 3306 568 3357 caulem
582 3307 619 3358 hia
635 3311 721 3368 terrc'sf
762 3305 855 3358 fertur.
869 3304 1026 3357 SicSueton.
1041 3303 1068 3356 in
1080 3303 1159 3369 Tito,
1178 3303 1267 3372 sebaim

216 3383 279 3452 quia
292 3383 515 3456 bostisjudicatus
528 3385 721 3438 Antoniuelta·
763 3398 854 3438 necrus.
884 3385 946 3437 Tae
976 3415 1016 3426 -
1041 3385 1178 3436 Tenesmoa.
1193 3384 1268 3437 Gre-

216 3461 250 3514 lia
267 3479 392 3531 cesserm
419 3463 465 3518 sed
490 3464 558 3517 bane
579 3464 720 3518 lectionem
763 3459 1268 3534 eorumruseepbc,quemsicdeseribit

216 3543 303 3596 ninus
316 3545 411 3615 probo.
433 3545 568 3597 Conarrrr.
764 3545 991 3608 Celsus,1V,18:
1007 3545 1062 3595 «lu
1078 3543 1130 3596 boc
1142 3559 1215 3613 eque
1229 3554 1267 3594 at-

255 3623 400 3676 cumXXl.
422 3641 447 3676 t.
459 3625 721 3694 Quumseptemetsep·
763 3639 815 3696 que
835 3625 863 3676 in
884 3622 1043 3676 tonninibus
1058 3615 1184 3694 'frequens
1201 3619 1269 3674 desi·

217 3706 338 3771 toegr'ata.
354 3703 409 3768 Qut
427 3715 466 3755 est
483 3719 568 3755 annus
580 3703 721 3755 climacteri-
763 3702 844 3756 dendi
857 3701 988 3776 cupiditas
1010 3715 1064 3767 est3
1086 3717 1160 3773 eque
1172 3697 1266 3761 dolor,

216 3801 257 3833 cru
274 3779 482 3834 bebdomadicus
497 3798 621 3852 magnus,
639 3781 721 3835 ducto
764 3784 809 3835 ubi
822 3781 922 3854 aliquid
932 3782 1089 3834 excernitur.
1099 3777 1268 3832 Descendunt

216 3861 365 3932 septeredo
386 3862 417 3913 in
433 3859 579 3914 undecim:
596 3876 657 3914 nam
675 3863 721 3914 clr'·
762 3862 1116 3934 auternpituite‚mucisque
1129 3859 1233 3912 similla.
1254 3885 1265 3904 ι

217 3945 349 3994 meur-icis
359 3941 430 3994 viros
442 3942 669 4013 prestantissima
680 3959 722 3994 er·
748 3987 751 3994 .
763 3938 1269 4014 Gallice,ladfssemerteblauutiusvero

219 4020 330 4084 tinctos,
356 4034 456 4076 veteres
472 4023 606 4074 moriae
625 4037 721 4073 mouu-
763 4039 793 4075 ex
807 4021 917 4093 Nepotis
932 4019 1150 4090 subsequentibus
1167 4018 1270 4082 verbis,

217 4113 357 4173 menteque
368 4100 510 4155 declarant.
523 4101 666 4154 &uorans
681 4131 720 4144 --
762 4107 813 4154 aiae
835 4103 896 4153 ullis·
908 4100 1044 4156 doloribus,
1062 4109 1199 4152 tenesmon
1215 4117 1269 4150 uon

222 4177 605 4254 l'nteqmpmpertmte.Quam
611 4177 719 4254 qrudem
764 4181 859 4246 luisse,
874 4180 1028 4235 auctoritate
1043 4178 1131 4244 Celsi,
1147 4171 1270 4232 affirmat.
