3200 5120
546 532 611 600 ΕΤ
636 532 867 601 JUDICIA.
1119 561 1233 608 xxxix

171 665 243 758 pius
265 663 308 732 de
329 687 370 732 eo
391 663 592 730 mentionem
612 661 698 732 lacit.
722 666 825 733 Ortus
840 665 998 759 siquidem
1017 667 1050 734 in
1072 667 1144 737 vico
1160 672 1231 738 Ve-

172 771 361 839 ronensium
381 767 538 854 Hostilia,
556 768 598 837 nd
617 769 696 838 Padi
715 772 802 863 ripas
817 771 895 857 sito,
910 787 948 840 ut
965 774 1098 842 Tacitus
1117 789 1233 845 auctor

171 891 237 962 est,
258 875 312 944 lib.
329 877 413 944 xlx
435 875 577 944 historice
598 877 764 969 Augusta).
781 877 857 945 Pius
871 902 1002 970 quoque
1021 881 1109 974 Papa
1127 883 1179 968 ΙΙ,
1198 883 1232 950 in

171 984 256 1052 Asiae
271 981 509 1076 descriptione,
525 1005 601 1052 eurn
620 985 847 1052 Veronensem
864 998 976 1077 aperte
993 985 1091 1054 fuisse
1109 988 1231 1056 scribit

174 1087 225 1156 Ad
240 1088 329 1158 hunc
341 1085 492 1156 Catullus
505 1111 589 1182 opus
604 1112 701 1157 suum
711 1091 813 1176 misit,
826 1103 982 1182 tanquam
994 1093 1099 1160 civem
1113 1117 1208 1162 suum
1224 1120 1232 1160 :

176 1195 267 1285 Quoi
282 1194 375 1263 dono
397 1193 543 1288 lepidum
562 1218 682 1264 novum
702 1195 875 1264 libellum?
895 1197 957 1265 llic
978 1198 1012 1264 in
1034 1199 1116 1266 urbe
1136 1201 1233 1269 Cice-

172 1302 261 1378 ronis
277 1315 313 1368 et
330 1303 467 1370 Caesaris
482 1315 632 1394 ternpore
646 1302 747 1385 vixit,
761 1302 975 1396 pervenitque
989 1326 1094 1397 usque
1109 1304 1151 1372 ad
1165 1307 1231 1373 Au·

96 1391 103 1415 ⁸
171 1409 257 1500 gusti
270 1409 502 1501 principatum.
515 1407 652 1501 Scripsit
663 1407 874 1482 disertissime
887 1409 1070 1478 Illustrt'rtm
1084 1416 1233 1480 virorum

169 1518 273 1582 vaus.
301 1515 453 1602 Quarum
471 1527 600 1582 tantum
617 1515 790 1607 Pomponii
810 1516 910 1583 Attici
931 1528 1041 1602 extat,
1060 1541 1131 1608 quae
1147 1531 1233 1586 cete-

170 1643 283 1688 rarum
300 1619 394 1689 facile
411 1622 578 1715 specimen
593 1635 703 1714 potest
714 1620 867 1713 judicari.

471 1833 518 1899 M.
541 1833 649 1899 nuit
673 1831 963 1954 iuuentusk

438 2031 504 2078 tle.
533 2031 585 2076 v11
611 2031 692 2076 VAR.
720 2030 816 2077 LECT.
843 2029 920 2076 CAP·
947 2029 969 2075 1.

226 2203 423 2298 Perelegans
444 2217 532 2272 extat
554 2200 673 2270 AEmilii
693 2201 793 2270 Probi
814 2200 856 2268 ad
877 2202 916 2268 T.
939 2200 1157 2294 Pomponium
1176 2203 1233 2269 At·

172 2313 274 2379 ticum
290 2308 434 2397 libellus,
447 2333 514 2404 quo
530 2312 724 2378 Graecorum
740 2309 976 2402 imperatorum
994 2309 1069 2376 vitae
1084 2306 1232 2375 mundis-

173 2419 315 2486 simone
338 2417 518 2488 castissimo
540 2417 696 2484 orationis
714 2440 833 2508 genere
855 2412 1070 2507 explicantur.

474 2627 689 2696 HIERON.
725 2625 944 2713 MAGIUS,

359 2835 424 2883 ΜΒ.
454 2837 491 2881 lv
515 2832 866 2895 nilscsttaneonunt,
890 2831 967 2878 CAP.
992 2831 1049 2876 XV.

225 3001 369 3070 loannes
386 2996 530 3068 Michael
552 3000 691 3081 Brutus,
714 2993 831 3064 nobilis
859 3007 980 3063 nostrae
1002 2994 1104 3062 aetatis
1131 2996 1237 3063 Histo-

175 3109 278 3194 ricus,
293 3106 459 3176 mensibus
477 3103 718 3199 superioribus,
734 3127 836 3195 quum
849 3099 938 3195 apud
952 3099 1135 3168 lordonum
1147 3099 1234 3170 Zile-

175 3229 264 3298 tum,
280 3210 512 3306 Bibliopolam,
523 3233 683 3294 essemus,
700 3232 753 3276 me
768 3206 1060 3302 percunctabatur,
1071 3231 1115 3274 an
1126 3206 1235 3278 adhue

173 3318 308 3388 basileae
330 3341 428 3388 eusus
445 3331 531 3390 esset
544 3315 679 3388 AEmt'lii
692 3313 801 3384 Probi
814 3311 898 3382 liber·
910 3313 953 3382 de
969 3317 1046 3381 urla
1064 3315 1236 3382 excellen-

173 3431 256 3494 tium
270 3420 529 3521 z'rrrperatorum,
547 3445 646 3516 quem
656 3445 718 3514 ego
729 3444 770 3488 ex
781 3433 987 3488 vetustorum
999 3418 1234 3514 exemplarium
1374 3415 1381 3430 '

175 3531 350 3600 collatione
364 3555 384 3599 n
398 3529 526 3598 mendis
540 3552 607 3596 non
623 3527 735 3621 paucis
744 3525 935 3619 repurgavi,
953 3525 1235 3594 annotationibus-

175 3663 239 3732 que
258 3639 350 3724 auxi,
365 3661 404 3706 ac
420 3661 482 3729 pro
496 3635 622 3704 viribus
636 3631 805 3702 illustravi.
821 3631 946 3702 Aderat
958 3629 1124 3699 Amoldus
1143 3630 1235 3700 Arle·

176 3746 274 3832 ubas,
301 3743 466 3837 Pmbique
490 3741 601 3810 audita
625 3741 818 3824 mentione,
848 3763 883 3806 se
911 3737 981 3829 ejus
1012 3735 1086 3805 libri
1110 3735 1237 3804 calamo

176 3865 347 3919 euentum
366 3847 553 3943 exemplar,
566 3845 656 3940 quod
674 3845 830 3914 Ferrarice
841 3844 987 3926 emisset,
1004 3841 1127 3910 habere
1145 3841 1235 3911 dixit.

177 3958 283 4050 liujus
312 3955 441 4050 legendi
468 3977 571 4048 quum
602 3950 799 4021 incredibilis
820 3973 874 4018 me
898 3947 1019 4040 cupido
1045 3949 1245 4037 incesseret,

176 4063 329 4155 precibus
341 4062 384 4131 ab
402 4085 442 4130 eo
458 4058 628 4145 contendi,
642 4072 680 4128 ut
694 4056 767 4126 libri
784 4055 898 4124 saltem
912 4051 954 4121 ad
970 4051 1069 4120 tridui
1079 4067 1238 4148 tempus,

174 4193 240 4262 quo
260 4166 477 4265 percurrendi
486 4164 625 4240 neuras
642 4180 743 4252 esset,
759 4163 840 4232 mihi
852 4161 982 4255 copiam
992 4159 1123 4230 faceret
1138 4164 1237 4230 Hunc

978 4281 1027 4362 Ct
