3212 5118
402 516 475 612 378
660 513 932 583 conuutrr
959 511 1192 578 usrorrs

400 645 514 698 mensio
528 642 638 695 maxima
650 661 740 694 rerum
754 655 832 712 atque
847 640 1002 712 opinionum
1019 639 1143 692 varietate
1155 649 1254 690 veruta
1266 651 1319 702 est,
1332 649 1382 706 et,
1391 639 1485 710 qaod

400 726 555 796 plerumque
576 721 677 774 diversa
699 720 873 774 scribentibus
894 717 1008 780 accidit,
1028 737 1082 772 nou
1099 719 1157 789 pari
1178 715 1255 770 laude
1273 718 1303 770 in
1323 719 1482 772 omnihus.

402 804 487 855 Multa
502 803 637 873 utriusque
657 799 847 854 desiderantur.
861 799 978 852 Cornelii
992 799 1063 851 eninr
1080 798 1204 869 Nepotis,
1219 796 1311 850 decern
1325 798 1394 850 libri
1416 818 1483 850 rao-

403 883 488 945 mine,
504 901 571 934 unus
581 894 683 934 tantum
696 881 763 932 liber
773 897 802 931 re
813 892 943 950 superest;
955 878 1114 942 Plutarcho,
1124 890 1220 948 preter
1233 896 1278 930 eoa
1290 877 1336 946 qui
1353 875 1392 928 ad
1403 897 1483 930 noe—

403 974 468 1013 tram
482 973 583 1014 aetatem
597 973 789 1031 pervenerunt,
802 971 908 1011 centurn
920 958 1024 1011 circiter
1037 971 1063 1010 et
1080 955 1219 1009 duodecim
1239 957 1409 1009 tribuuntur.
1427 959 1483 1008 De

402 1041 450 1093 hac
465 1059 528 1092 vero
540 1041 610 1092 mole
624 1059 678 1092 non
694 1039 841 1102 immerito,
856 1050 886 1090 ut
902 1057 958 1090 mea
975 1039 1024 1090 fert
1038 1037 1182 1103 sententia,
1197 1034 1250 1088 dici
1269 1048 1376 1106 potest,
1391 1035 1479 1107 quod

401 1117 434 1172 de
449 1139 475 1172 se
495 1121 551 1190 ipso
566 1119 710 1180 Martialis,
727 1137 781 1171 uno
799 1131 885 1170 umen
899 1117 1056 1188 transposito
1071 1115 1153 1168 verbo
1169 1133 1176 1166 :

521 1249 579 1294 Sunt
591 1247 663 1302 mala,
675 1256 729 1294 sunt
742 1245 846 1310 quadum
858 1245 996 1298 mediocria,
1008 1254 1061 1290 arrnt
1071 1245 1133 1288 bona
1144 1243 1217 1304 plura.

440 1381 495 1432 Nec
510 1399 552 1432 me
565 1381 629 1430 mala
644 1379 738 1432 dixisse
751 1380 896 1444 mirentur,
908 1379 954 1449 qui
967 1378 1137 1431 Plutarchum
1150 1397 1181 1429 er
1194 1377 1375 1453 recentiorum
1390 1379 1473 1430 libris

401 1460 505 1530 potius,
515 1479 594 1530 qnam
607 1479 638 1512 ex
653 1460 734 1531 ipsius
745 1460 882 1530 operibus,
893 1471 1032 1511 noverunt.
1041 1455 1114 1522 Quid
1129 1457 1200 1510 enim
1211 1467 1248 1508 est
1262 1468 1391 1508 tractatus
1406 1458 1470 1521 ille,

402 1540 441 1589 De
448 1541 514 1604 sarcia
531 1543 554 1589 in
569 1539 624 1590 orbe
637 1541 736 1590 Lunae?
748 1537 826 1610 quid,
844 1539 883 1590 De
892 1542 971 1607 perisso
981 1537 1100 1606 frigido?
1112 1535 1190 1607 quid,
1208 1537 1247 1586 De
1261 1535 1390 1588 audiendis
1404 1557 1468 1606 poe-

402 1621 456 1669 tis?
469 1619 528 1671 licet
542 1619 613 1670 hunc
631 1618 752 1670 ultimum
768 1637 822 1670 non
836 1619 892 1670 sine
911 1615 1033 1668 laudibus
1050 1628 1177 1668 memoret
1195 1615 1308 1684 scriptor
1324 1614 1470 1679 Gallicus,

403 1697 439 1748 Lo
452 1697 549 1767 Harpe,
563 1715 679 1749 summus
699 1697 867 1766 ceteroquin,
880 1694 924 1748 sed
937 1695 999 1766 qui,
1012 1695 1057 1747 uhi
1071 1693 1104 1746 de
1119 1695 1217 1747 Grecis
1232 1693 1298 1762 agit,
1316 1695 1404 1746 aliena
1423 1715 1470 1747 s:-

402 1777 462 1846 pius
475 1795 553 1846 quam
564 1795 609 1828 sua
620 1776 717 1847 promit
727 1789 768 1840 ‚et
782 1776 855 1846 quasi
868 1774 1005 1827 fiduciario
1017 1775 1101 1827 utitur
1111 1773 1219 1844 judicio.
1236 1774 1266 1823 ln
1278 1773 1318 1824 hia
1335 1776 1467 1828 omnibns

403 1853 505 1924 siquid
525 1855 589 1906 honi
610 1858 689 1918 inest,
704 1854 833 1924 legentem
850 1873 910 1906 sane
932 1855 1031 1906 fefellit.
1050 1853 1116 1906 Sunt
1132 1853 1226 1915 etiam,
1241 1869 1307 1922 quos
1322 1855 1419 1906 multis
1437 1856 1466 1906 in

403 1933 521 2003 partibus
533 1951 638 1985 mancos
650 1945 676 1984 et
690 1931 830 2003 indigestus
844 1931 932 1985 dicere
944 1935 1043 1995 ausim,
1059 1933 1203 2003 presertim
1216 1949 1281 2001 quoa
1296 1945 1391 1984 contu
1410 1935 1466 1984 He·

404 2013 510 2063 rodomas
530 2025 555 2064 et
577 2012 670 2064 Stoicos
689 2013 801 2082 scripsit.
818 2013 904 2064 Multa
923 2025 1010 2065 tamen
1025 2013 1163 2082 plerosque
1179 2009 1386 2064 commendant:
1403 2032 1465 2064 naras

401 2104 496 2162 prater
507 2092 608 2158 varias,
621 2092 716 2163 quibus
731 2091 944 2164 distinguuntur,
960 2091 1180 2156 narratiunculas,
1194 2103 1221 2142 et
1235 2109 1281 2152 ea,
1294 2109 1353 2161 qne
1367 2091 1403 2142 ad
1419 2111 1466 2144 ve·

403 2182 488 2222 terum
503 2190 591 2224 mores
605 2172 723 2243 apprime
736 2170 918 2243 intelligendos
929 2173 1074 2242 pertinent,
1088 2171 1175 2222 omnia
1190 2170 1219 2222 in
1231 2170 1262 2222 iis
1274 2171 1393 2240 reperire
1406 2186 1462 2234 est,

401 2269 459 2320 quta
480 2249 511 2302 ad
532 2253 598 2303 bene
616 2253 743 2321 beateque
761 2249 901 2303 vivendum
919 2251 1055 2302 conferant
1065 2289 1073 2317 ,
1084 2250 1316 2320 indulgentemque
1328 2251 1421 2317 illam,
1436 2265 1463 2303 et

402 2331 475 2400 qnasi
491 2331 569 2382 molle
585 2332 673 2384 nescio
689 2329 773 2400 quid,
788 2332 829 2382 vel
850 2331 877 2381 in
897 2331 952 2400 ipsa
969 2331 1112 2400 gravitate,
1127 2327 1307 2382 subridentem
1322 2329 1463 2382 rademi-

402 2425 493 2462 corum
519 2409 723 2480 philosophiam.
746 2410 882 2481 Pracipua
908 2405 972 2460 reio
995 2409 1129 2462 Plutarchi
1150 2410 1207 2460 laus
1221 2445 1229 2472 ,
1256 2425 1366 2478 queque
1391 2410 1464 2462 illins

403 2506 499 2540 nomen
511 2487 542 2540 sd
555 2490 753 2542 remotissimam
766 2506 849 2558 usque
859 2489 1037 2560 posteritatem
1049 2489 1130 2552 leret,
1141 2505 1208 2560 opus
1223 2500 1261 2540 est
1272 2486 1338 2540 illud
1352 2489 1392 2540 De
1404 2495 1463 2540 ouri

401 2567 533 2636 parallelis.
547 2567 605 2620 Hoc
620 2579 721 2622 tantum
739 2568 846 2621 nornine
860 2567 905 2620 hic
916 2564 1044 2620 dicendus
1060 2568 1152 2632 nohis,
1166 2580 1193 2620 et
1205 2584 1266 2620 cum
1280 2567 1383 2638 Nepote
1395 2587 1463 2622 coar·

403 2647 533 2702 ferendus.

444 2729 475 2780 In
484 2728 576 2799 primis
585 2731 727 2782 verborum
737 2730 974 2793 constructionem,
984 2730 1173 2800 proprietatem
1183 2741 1209 2780 et
1218 2729 1370 2798 elegantiam
1383 2729 1464 2780 multi

405 2806 561 2870 advertunt,
571 2822 648 2879 atque
661 2810 710 2880 hac
723 2811 867 2879 praesertim
883 2807 988 2862 dicendi
1006 2821 1076 2872 arte,
1089 2810 1158 2860 inter
1170 2807 1310 2877 scriptores
1322 2805 1357 2858 de
1369 2805 1464 2858 eadem

404 2905 433 2938 re
447 2885 625 2958 disputantes,
638 2888 758 2942 ordinem
773 2888 897 2960 assignari
912 2907 988 2959 posse
1002 2887 1170 2940 arbitrantur.
1187 2885 1238 2938 Hic
1254 2884 1359 2955 quidem
1376 2886 1464 2956 pluri·

404 2985 478 3018 mum
492 2967 561 3022 inter
579 2986 607 3020 se
622 2967 750 3022 differunt
769 2968 925 3021 Plutarchus
938 2980 964 3019 et
979 2967 1067 3037 Nepos
1083 2985 1090 3019 τ
1106 2985 1157 3036 qun
1180 2981 1243 3017 vero
1262 2982 1335 3016 causa
1356 2975 1463 3017 tantun

403 3043 561 3099 discriminis
574 3047 691 3112 intersit,
707 3048 796 3119 paucis
806 3047 1000 3118 explicabimus.

443 3125 503 3178 Post
524 3126 652 3178 Graeciam
673 3145 687 3178 a
708 3127 813 3198 regibus
836 3125 1011 3178 Macedonum
1031 3127 1182 3187 subactam,
1201 3122 1322 3196 paulatim
1348 3134 1374 3173 et
1402 3121 1465 3176 lere

405 3204 478 3255 nulla
491 3205 621 3256 intellecta
636 3207 797 3268 mutatione,
812 3206 840 3256 in
859 3224 971 3276 pravum
992 3203 1143 3274 detorqueri
1159 3204 1238 3274 eupit
1253 3203 1339 3272 lingua
1352 3201 1465 3266 Grates,

405 3295 431 3332 et
443 3300 456 3332 a
470 3295 542 3334 recto
553 3283 600 3334 illo
614 3285 733 3348 tramite,
745 3301 824 3356 quern
835 3285 921 3349 Plato,
931 3281 1116 3354 Thucydides,
1130 3282 1272 3354 Sophocles
1285 3294 1337 3334 tarn
1351 3282 1463 3335 feliciter

405 3360 534 3424 inierant,
546 3363 682 3430 paululum
698 3362 844 3416 deflectere.
859 3363 941 3427 Mor,
955 3381 1036 3434 quum
1050 3362 1129 3414 alieni
1144 3361 1237 3433 populi
1251 3362 1419 3431 ingruerent,
1435 3374 1464 3412 et

406 3451 462 3491 turn
475 3439 662 3493 Mithridaticis
676 3444 755 3494 rebus
768 3443 975 3512 aliisque-bellis,
989 3455 1044 3494 tum
1056 3443 1133 3512 longa
1146 3443 1324 3494 Romanorum
1339 3439 1460 3492 domina·

405 3520 489 3584 tione,
503 3520 665 3590 frequentius
677 3521 746 3574 inter
758 3521 863 3574 Graecos
873 3535 898 3574 et
906 3523 1034 3574 Barbaros
1046 3521 1232 3574 commercium
1245 3520 1366 3572 habiturn
1380 3532 1461 3584 asset,

405 3600 502 3652 malum
520 3600 638 3653 invaluit.
654 3602 730 3653 Tunc
745 3600 855 3673 qnidam
871 3602 1018 3654 litterarum
1034 3599 1230 3672 impendentem
1248 3599 1321 3652 illam
1338 3599 1460 3664 ruinam,

404 3697 485 3749 quum
504 3681 613 3732 omnino
631 3681 772 3752 prohibere
789 3683 942 3752 nequirent,
959 3681 1050 3732 saltem
1068 3677 1202 3732 retardare
1218 3690 1400 3740 tentaverunt,
1416 3689 1459 3742 et,

403 3759 474 3828 quod
489 3760 517 3810 in
530 3760 579 3812 hac
591 3761 738 3830 impurarum
752 3759 903 3814 conditione
916 3757 986 3830 apud
996 3777 1086 3812 omnes
1099 3771 1188 3830 gentes
1199 3755 1366 3810 commodum
1378 3767 1460 3819 esset,

403 3840 564 3908 optimorum
577 3840 646 3892 inter
661 3855 760 3894 veteres
771 3853 797 3894 et
810 3840 909 3892 Atticos
921 3840 1065 3910 presertim
1078 3839 1235 3908 scriptorum
1248 3837 1358 3906 smtigiis
1375 3851 1460 3903 quam

403 3919 564 3971 tenacissime
578 3919 747 3973 institerunt:
765 3917 835 3972 unde
849 3919 1017 3971 Atticistaraas
1034 3935 1129 3970 nomen
1143 3917 1195 3969 illis
1204 3915 1330 3978 inditum.

441 3997 491 4048 Sed
510 3997 574 4050 dum
591 4002 684 4070 pauci,
700 4001 750 4052 tale
767 3999 914 4068 exemplum
935 3998 1030 4062 secuti,
1047 3995 1079 4048 ad
1095 3997 1225 4048 Pericleos
1243 3997 1328 4048 fontes
1349 3990 1461 4046 adverso

403 4073 510 4128 flumine
525 4079 690 4148 navigarent,
704 4080 792 4149 plures
810 4077 916 4130 ineman
930 4078 1054 4129 torrentis
1071 4094 1125 4128 sese
1140 4075 1198 4145 rapi
1215 4076 1348 4136 siverunt,
1361 4073 1388 4124 iu
1403 4071 1460 4142 pri·

402 4152 503 4222 tuisque
515 4156 686 4222 Plutarchus,
697 4158 743 4226 qui
758 4158 868 4210 mixtum
882 4154 1013 4226 quoddam
1029 4168 1055 4208 ct
1068 4153 1245 4210 adulterinum
1259 4151 1464 4221 discedimus
