3282 5156
348 534 417 600 sl)
445 529 774 600 CORNELIUM
800 531 1065 602 NEPOTEM.
1162 531 1230 604 361

178 684 257 725 rurore
272 671 350 731 miles,
364 671 470 740 plurimo
483 687 542 720 veru
551 669 654 734 ,ιἀιιιιιια
668 667 785 720 valedicat.
800 669 902 721 Locum
916 667 1050 722 Ciceronis
1061 689 1091 722 ex
1104 670 1177 724 Orat.
1186 689 1237 742 pro

179 750 320 811 Marcello,
332 767 388 819 cap.
403 767 433 811 s,
445 747 614 818 desumptum
624 765 679 800 esse
689 745 846 818 jamdudum
857 749 1005 800 observavit
1019 748 1149 803 schottus.
1157 751 1237 804 Plura

179 849 234 882 non
250 826 328 882 addo.
344 827 464 899 Denique
480 828 521 880 uti
535 827 628 891 verba,
641 827 676 879 ita
693 827 803 880 aliorum
814 829 954 881 sententias
967 827 1056 899 Nepos
1067 842 1105 882 est
1117 843 1237 895 mutus,

182 909 221 962 uti
233 908 285 960 hoc
299 909 397 980 capite,
412 903 436 968 5.
450 926 464 960 a
481 925 487 958 ι
504 907 546 959 Illi
555 911 623 976 genti
634 907 689 976 plur
705 911 765 958 meat
778 910 880 968 verbm,
899 926 970 978 praem
980 910 1085 976 ingenii,
1102 927 1117 961 e
1130 909 1236 963 Cicero-

181 989 223 1041 nis
256 1004 313 1058 cap.
341 995 380 1051 4,
401 983 434 1038 de
456 986 521 1039 Fato
543 986 671 1039 :Athenai
693 997 761 1038 terne
781 987 879 1047 ωἱιιιη,
905 1005 936 1038 ee
959 1005 1005 1058 qno
1030 992 1145 1039 mtrem
1166 993 1237 1040 etiosa
1356 1034 1362 1044 .

177 1078 295 1138 putantur
306 1066 394 1121 Attici,
408 1065 520 1118 Crassum
535 1065 633 1126 Tlselis,
647 1068 725 1136 itaque
735 1069 836 1136 plegem
851 1065 876 1118 T
874 1065 960 1117 delusi
965 1078 991 1116 et
997 1065 1153 1119 celestesAEt
1166 1068 1237 1120 blsce

180 1145 312 1216 antiquius
326 1144 390 1216 Cyri
404 1143 503 1200 dictum
517 1143 589 1216 apud
603 1141 782 1210 Herodotum,
796 1145 840 1198 lib.
854 1162 897 1208 tx,
913 1145 941 1196 iu
956 1145 1010 1198 line
1024 1163 1030 1197 :
1045 1147 1135 1198 Φιλίιιν
1149 1149 1176 1198 la
1188 1152 1235 1199 rias

179 1231 295 1295 μαλακῶν
306 1223 389 1295 gripor
398 1226 521 1294 μαλααιὶις
529 1219 622 1295 ἄνδρας
628 1225 744 1294 patulus.
758 1221 849 1278 Sedde
862 1242 983 1294 perversa
993 1225 1042 1276 bac
1051 1225 1176 1296 opinione
1182 1228 1236 1297 jam

179 1303 298 1375 pluribus
314 1305 353 1374 egi
369 1305 467 1358 innot.
487 1307 559 1375 post.'
575 1304 679 1368 Quibus
692 1301 760 1357 adde
775 1304 943 1374 Wesseliugii
959 1316 1049 1356 nutant
1064 1302 1098 1356 ad
1115 1303 1236 1358 Herodo-

179 1396 236 1436 tum
249 1401 256 1434 :
271 1380 317 1436 sed
331 1381 364 1435 sd
375 1401 440 1436 rem.
458 1384 547 1454 quos
560 1381 588 1436 iu
604 1384 704 1454 praelat.
720 1383 829 1438 scribit:
841 1383 925 1456 Neque
936 1383 1012 1444 sedet,
1029 1388 1076 1434 nisi
1088 1387 1113 1435 in
1128 1386 1237 1436 norton

175 1473 247 1532 parte
265 1461 352 1514 sedium
358 1500 366 1523 ,
385 1481 439 1533 prese
454 1465 612 1533 gyuoeconitir
624 1463 769 1533 appellatur,
786 1482 833 1534 quo
843 1481 910 1514 nerse
921 1463 1030 1523 aeoedit,
1047 1467 1093 1515 rarii
1102 1469 1237 1536 pmpsirqbu

180 1543 319 1612 cognatione
327 1543 472 1611 conjunctas.
492 1542 589 1594 Nonne
604 1542 694 1612 Nepos
704 1542 732 1594 li.
741 1543 758 1596 I.
770 1541 892 1615 respicit,
903 1559 957 1594 uon
987 1539 1074 1595 uidem
1086 1543 1180 1608 verba,
1189 1541 1235 1596 sed

177 1620 333 1674 sententiam
341 1618 486 1683 Ciceronis,
494 1619 540 1673 lib.
549 1637 585 1684 ιι,
598 1621 676 1673 Tusc.
688 1622 791 1692 Disput.
801 1641 824 1674 c.
841 1627 889 1685 14:
901 1561 1199 1690 Quoeliernine)eeteris
1210 1625 1234 1673 r'n

180 1700 276 1752 urlilus
294 1700 429 1752 mollissimo
443 1700 509 1753 cultu
517 1703 636 1771 parietum
650 1699 738 1752 umbris
752 1701 897 1753 occultentur.
918 1700 1037 1754 Stureren.

218 1849 432 1914 Eruuonnss,
447 1849 528 1915 VIII,
543 1869 570 1921 p.
584 1853 645 1904 160.
666 1853 697 1905 In
708 1851 823 1922 periculo.
848 1851 938 1916 Quum
954 1850 1004 1904 riri
1018 1849 1091 1905 docti
1105 1871 1159 1905 non
1175 1854 1236 1908 satis

179 1947 324 2000 congruere
338 1929 402 1982 buio
415 1930 456 1982 rei
472 1947 564 1982 vocem
575 1930 706 2000 periculum
724 1943 876 1998 censerent,
892 1931 1010 1984 certatim
1024 1949 1081 1984 eant
1095 1931 1235 1986 emendare

179 2008 265 2062 conati
272 2021 341 2061 suut.
349 2006 431 2062 Aldus
442 2012 467 2060 in
477 2010 582 2079 sepulcra
593 2007 691 2063 edidit:
699 2029 777 2080 quana
785 2010 925 2063 lectionem
935 2010 1132 2076 Hotomanus,
1142 2012 1170 2076 3,
1177 2013 1232 2065 obs.

182 2106 226 2152 ao,
237 2099 340 2152 utetur,
349 2087 508 2159 probetque,
515 2099 542 2140 et
551 2088 607 2142 Iac.
619 2088 800 2141 Gotboiredus
812 2089 841 2140 in
851 2091 1039 2144 commentario
1050 2089 1083 2144 ad
1093 2091 1111 2142 I.
1120 2108 1143 2143 rr
1150 2131 1158 2154 ,
1166 2091 1234 2145 cod.

177 2165 308 2220 Tbeodos.
323 2163 357 2218 de
372 2177 482 2218 sentent.
498 2183 531 2218 ex
542 2169 649 2236 puerculo
661 2168 768 2236 recipit,
783 2185 810 2238 p.
826 2167 891 2235 393.
900 2169 1042 2237 Lougolius
1057 2171 1170 2238 conjecit
1183 2169 1234 2240 leg.

177 2249 203 2298 in
215 2245 347 2318 peristylio.
368 2243 525 2308 Memmius,
541 2249 566 2296 in
584 2247 689 2315 scapulo.
709 2245 868 2309 Lambinus,
887 2249 912 2296 is
931 2251 1013 2315 cappo,
1033 2248 1075 2299 vel
1092 2252 1118 2298 r'n
1130 2249 1232 2318 ciupulo.

177 2325 346 2386 Bncbuerus,
360 2326 385 2376 ιά
396 2324 480 2387 titulo,
496 2323 514 2376 i.
527 2340 550 2374 e.
565 2325 645 2384 ulrice
661 2326 796 2395 ἱπιγραφῇ,
815 2322 977 2393 quodetiam
995 2325 1036 2378 CI.
1050 2325 1235 2378 Kircbsnaiero

180 2405 283 2474 placere
299 2401 395 2468 rideo,
412 2400 459 2455 scd
475 2402 526 2467 ita,
546 2415 576 2455 ut
594 2401 733 2467 rideatur,
754 2402 860 2457 adactus
881 2403 1037 2456 testimoniis
1057 2397 1192 2457 Plutarchi
1208 2419 1234 2458 et

177 2482 288 2548 AEliani,
310 2494 337 2534 et
356 2479 464 2552 antiqua
482 2481 686 2546 cousuetudine,
700 2483 728 2536 id
743 2483 832 2555 potius
843 2481 877 2535 de
891 2482 1011 2536 columna
1027 2483 1165 2554 sepulcrali
1180 2484 1234 2536 sire

176 2561 347 2635 inscriptione
361 2561 527 2616 mouumenti
538 2560 749 2634 Epaminondas,
771 2580 875 2615 musam
891 2563 984 2615 mortis
995 2563 1053 2633 ejus
1070 2561 1233 2628 indicatura,

178 2643 261 2714 accipi
271 2640 346 2694 selle.
360 2637 413 2694 Sed
427 2657 518 2694 omnes
530 2640 585 2694 istas
599 2640 795 2696 emendationes
808 2642 920 2694 nimium
935 2660 950 2695 a
964 2643 1093 2713 scriptura
1104 2642 1233 2696 librorum

179 2723 291 2786 abeunt,
306 2720 353 2791 qui
365 2732 515 2774 constanter
529 2725 554 2773 in
562 2722 670 2792 periculo
684 2721 782 2791 legunt.
798 2720 910 2792 Propius
920 2719 1020 2775 accedit
1034 2719 1067 2773 ad
1075 2739 1133 2776 eam
1142 2722 1233 2776 le'ctio·

178 2819 240 2854 netu
261 2803 411 2870 conjectura
424 2797 569 2853 doctissimi
581 2800 645 2864 riri,
661 2801 716 2852 lac.
735 2797 888 2863 sumundi,
900 2800 946 2871 qui
963 2800 1015 2871 legi
1030 2799 1088 2854 vult
1100 2803 1233 2872 pericula».-

179 2898 257 2951 quem
268 2878 455 2951 sequunturll.
462 2878 573 2934 Grotius
583 2879 717 2952 sparsione
728 2878 824 2932 florum
833 2877 886 2932 adl
888 2897 918 2933 ns
925 2880 941 2931 J
943 2879 1159 2951 ustinianeum,p.
1168 2879 1234 2950 370,

177 2972 205 3014 et
224 2961 284 3013 Des
300 2957 472 3013 Ilersldnsin
484 2959 723 3023 observationibus,
739 2977 797 3031 cap.
813 2959 866 3022 to,
880 2976 910 3012 ac
924 2959 953 3012 in
965 2957 1235 3013 animadversionibus

179 3041 207 3092 in
222 3039 340 3092 salmasii
355 3040 485 3092 observet.
506 3037 596 3110 adjus
614 3041 669 3091 An.
687 3051 714 3091 et
732 3040 809 3092 lium.
828 3039 877 3092 lib.
896 3055 935 3102 tt,
958 3055 1015 3110 cap.
1035 3056 1061 3108 7.
1086 3038 1144 3092 Nisi
1159 3037 1233 3110 quod

177 3116 306 3172 Ileraldus
315 3117 422 3172 tandem
434 3115 549 3172 admittit
560 3122 588 3172 ri
599 3118 731 3188 perr'ealurs
742 3118 851 3172 retineri
863 3135 954 3188 posse,
969 3115 1015 3170 sed
1028 3130 1058 3170 ιιι
1073 3117 1145 3172 idem
1157 3119 1191 3172 sit
1203 3137 1234 3172 ac

173 3199 386 3269 periculumque
395 3215 460 3251 voce
469 3196 610 3269 significari
618 3197 749 3251 voluntri
757 3199 821 3254 isus,
835 3199 964 3255 ludenrot,
978 3197 1138 3268 ἀντίγραφον,
1149 3215 1235 3252 exem·

178 3276 252 3346 plum
267 3293 300 3328 ea
314 3276 458 3348 archetypo
473 3274 634 3348 descriptum
646 3283 661 3343 ,'
671 3274 778 3348 dicique
793 3287 823 3330 ut
835 3278 951 3348 pericula
966 3277 1055 3328 clerte
1078 3276 1149 3351 apud
1162 3277 1234 3331 ldae·

176 3354 314 3426 onlpbum.
338 3353 390 3408 Sed
405 3368 477 3408 recte
492 3353 605 3409 docuere
617 3357 755 3410 Salmasius
770 3357 799 3409 iu
812 3357 915 3409 observ.
930 3353 964 3409 ad
979 3356 1027 3408 Jus
1039 3357 1093 3412 Αιι.
1113 3370 1140 3410 et
1154 3358 1232 3411 Rom.

177 3451 234 3505 cap.
249 3449 282 3504 7,
293 3443 320 3487 et
339 3433 387 3486 lib.
401 3431 436 3486 de
447 3431 528 3487 modo
541 3453 761 3508 morarumcap.
778 3436 812 3489 15
826 3429 903 3501 [add.
915 3433 1026 3490 idemad
1036 3435 1118 3490 Solio.
1127 3456 1154 3510 p.
1165 3437 1231 3492 858.

177 3514 203 3566 b.
218 3510 253 3566 ad
264 3510 400 3584 bistdug.
412 3532 440 3585 p.
455 3514 521 3578 380,
534 3532 557 3568 a.
571 3515 653 3567 Fisrls.
661 3509 687 3581 ];
700 3533 730 3569 sc
742 3517 798 3568 luc.
812 3515 877 3568 item
890 3513 1071 3569 Gotboiredus
1081 3517 1140 3570 loco
1155 3515 1234 3588 paulo

176 3604 237 3646 aute
249 3589 369 3657 laudato,
387 3609 479 3645 vocem
488 3594 622 3663 paruulum
635 3593 733 3648 infima
746 3595 882 3649 latinitatis
896 3613 965 3661 esse,
978 3612 1027 3647 uec
1035 3595 1157 3648 instituto
1168 3595 1235 3665 Epe-

175 3669 309 3726 miuondn
322 3681 369 3724 sut
380 3673 515 3726 sententie
524 3673 609 3744 legisa
620 3673 650 3727 C.
664 3673 715 3728 Th.
730 3673 765 3726 dc
774 3687 840 3728 sent.
854 3693 886 3727 er
894 3679 970 3746 peric.
980 3675 1055 3726 recit.
1070 3673 1231 3727 convenire:

174 3769 257 3824 quam
269 3750 412 3822 utrobique
426 3769 481 3804 uun
493 3752 630 3824 ἀντίγραφα
645 3753 700 3806 sire
714 3754 848 3825 exemplu,
861 3751 907 3807 sed
919 3765 1095 3825 prototypaet
1104 3753 1233 3825 ipsissima

174 3833 317 3904 αὐτόγραφα
329 3828 516 3901 designatum
528 3849 576 3884 nec
589 3832 706 3885 absolute
719 3831 772 3886 dici
784 3834 931 3903 perieulum,
944 3830 990 3885 sed
1000 3832 1134 3902 potuum
1148 3834 1234 3883 ἰαιινιι·

174 3921 287 3971 mnan,
300 3909 422 3982 panculas
433 3911 543 3972 cheu,
557 3913 680 3982 qbtolm,
696 3925 746 3966 etc.
759 3911 819 3984 Ipse
831 3911 971 3964 Salmasius
983 3905 1034 3974 [de
1045 3909 1116 3964 ruod.
1130 3927 1232 3966 usurae.

174 4009 201 4060 p.
215 3995 289 4062 667,
303 3993 361 4059 669
375 4007 414 4062 sq.
428 3994 502 4060 ⁶71,
517 3994 583 4061 677.
598 3985 702 4056 Falci]
717 4010 780 4044 curn
798 3987 964 4045 eruditorum
979 3989 1036 4042 aliis
1046 3991 1177 4060 periculum
1188 4010 1233 4043 es·

174 4070 264 4139 ponit,
277 4070 386 4124 titulum
400 4069 588 4142 sepulcralem,
600 4071 655 4124 sire
668 4073 801 4141 ιπιγραμιν
816 4069 1000 4122 monumenti:
1016 4068 1044 4121 in
1059 4071 1133 4142 cujus
1147 4069 1233 4125 ricem

175 4149 349 4216 sententium,
369 4167 421 4222 qua
434 4148 650 4206 condemnandus
662 4161 732 4214 erat,
754 4143 951 4221 Epaminondas
971 4149 998 4200 in
1014 4149 1093 4221 cippo
1110 4167 1158 4204 suu
1173 4152 1235 4204 con·
