3200 5130
374 485 421 570 si
641 479 910 552 cossam
936 479 1171 572 nnrorrs

372 640 440 686 non
454 638 558 709 ¹posse
578 611 675 699 fieri;
695 611 834 705 ideoque
854 635 930 678 eum
952 611 1095 682 amicum
1115 609 1175 680 sibi
1196 611 1352 705 cupiebat
1370 615 1432 685 ad·
1464 705 1467 712 μ

367 723 471 818 jungi.
491 722 607 813 Neque
627 717 798 786 dubitabat
825 713 919 786 facile
939 739 973 784 se
994 731 1268 802 consecuturum,
1288 720 1314 788 si
1332 720 1433 790 modo

371 830 441 921 ejus
463 824 679 895 conveniendi
696 823 864 892 habuisset
882 835 1087 916 potestatem.
1107 823 1195 890 Nam
1207 811 1352 916 Cyrum⁵
1366 825 1431 894 fra·

370 951 454 1005 trem
473 933 503 1000 ei
517 929 638 1000 bellum
656 927 740 998 clam
758 951 896 1023 parare,
914 927 1171 999 Lacedaemoniis
1184 928 1432 1022 adjuvantibus,

371 1039 496 1110 sciebat
513 1062 521 1104 :
538 1035 571 1104 id
590 1037 616 1104 si
639 1038 669 1104 ei
692 1035 893 1130 aperuisset,
910 1057 1064 1127 magnam
1089 1058 1123 1102 se
1144 1035 1187 1104 ab
1208 1059 1248 1104 eo
1272 1036 1432 1108 initurum

368 1146 505 1242 gratiam
525 1140 666 1210 videbat.

421 1253 463 1320 X.
497 1251 576 1316 Haec
609 1271 712 1341 quum
740 1244 930 1324 moliretur,
956 1259 1148 1339 peteretque
1168 1271 1190 1322 a
1216 1247 1431 1320 Pharnabazo

369 1372 406 1426 ut
424 1355 466 1427 ad
480 1377 592 1448 regem
611 1354 819 1438 mitteretur3
837 1350 953 1420 codem
976 1366 1125 1446 tempore
1147 1352 1284 1423 Critias¹
1308 1357 1430 1424 ceteri·

368 1487 432 1558 que
450 1461 579 1554 tyranni
600 1457 849 1538 Atheniensium
871 1470 978 1526 certos
993 1457 1143 1528 homines
1160 1457 1203 1534 ad
1222 1460 1430 1554 Lysandrum

367 1571 401 1636 in
420 1569 530 1636 Asiam
546 1565 725 1646 miserunt,
743 1564 799 1658 qui
820 1587 897 1632 eum
918 1563 1090 1632 certiorem
1112 1562 1277 1650 facerent,
1293 1567 1354 1634 nisi
1367 1566 1429 1636 Al-

367 1672 528 1742 cibiadem
547 1669 745 1752 sustulisset,
759 1666 841 1738 nihil
856 1691 969 1738 earum
988 1693 1099 1738 rerum
1119 1669 1190 1738 fore
1206 1685 1333 1758 ratum,
1347 1697 1430 1766 quas

359 1782 438 1874 ¹ipse
452 1777 591 1848 Athenis
610 1776 830 1844 constituisset
848 1799 855 1841 :
876 1798 998 1868 quare,
1017 1776 1044 1844 si
1066 1799 1140 1844 suas
1162 1801 1214 1844 res
1231 1791 1338 1870 gestas
1357 1803 1427 1848 ma·

367 1909 446 1954 nere
467 1882 585 1963 vellet,
607 1879 696 1949 illum
719 1895 980 1975 persequeretur.
1002 1881 1063 1949 His
1085 1879 1193 1950 Laco²
1215 1881 1313 1952 rebus
1332 1908 1428 1954 corn-

367 2005 478 2060 motus
495 1989 627 2074 statuit,
648 1987 832 2056 accuratius
847 1986 909 2056 sibi
927 1985 1092 2080 agendum
1107 2011 1183 2055 cum
1202 1987 1429 2060 Pharnabazo.

367 2099 454 2166 Huic
472 2119 551 2190 ergo
566 2094 750 2178 renuntiat,
763 2116 837 2184 quae
852 2093 921 2186 regi
938 2115 1014 2160 cum
1030 2091 1287 2162 Lacedaemoniis
1303 2111 1430 2184 essent,

366 2204 458 2271 irrita
479 2201 613 2285 futura,
637 2199 697 2272 nisi
722 2196 924 2266 Alcibiadem
950 2198 1063 2266 vivum
1090 2212 1148 2266 aut
1167 2213 1334 2269 mortuum
1359 2215 1427 2272 tra-

366 2308 508 2378 didisset.
530 2307 608 2374 Non
630 2289 722 2372 sutit³
735 2303 799 2372 hoc
822 2317 985 2404 satrapes,
1003 2316 1037 2372 et
1058 2301 1181 2372 violare
1204 2303 1426 2395 clementiam,

367 2439 465 2507 quam
483 2414 567 2506 regis
589 2434 668 2504 opes
684 2409 804 2496 minui,
822 2407 946 2478 maluit.
962 2410 1078 2502 ltaque
1096 2409 1184 2480 misit
1202 2412 1426 2505 Sysamithren

366 2534 399 2589 ct
411 2503 577 2612 Ragoam⁴
590 2514 633 2583 ad
644 2513 844 2585 Alcibiadem
856 2513 1118 2584 interficiendum
1130 2567 1140 2603 ,
1153 2541 1256 2609 quum
1269 2515 1323 2586 ille
1340 2536 1424 2589 esset

366 2627 400 2694 in
422 2624 582 2716 Phrygia,
599 2623 726 2714 iterque
744 2621 785 2688 nd
804 2645 914 2716 regem
934 2634 1150 2715 compararet.
1166 2623 1259 2691 Missi
1276 2622 1361 2692 clam
1375 2628 1423 2694 vi·

367 2731 491 2800 cinitati
501 2715 524 2816 ⁵,
544 2729 578 2796 in
599 2750 664 2822 qua
684 2741 755 2795 tum
780 2724 965 2795 Alcibiades
982 2740 1070 2815 erat,
1083 2726 1164 2796 dant
1178 2731 1370 2824 negotium,
1387 2746 1426 2801 ut

294 2946 298 2954 '
409 2939 435 2992 5.
457 2935 555 3007 cyma.
576 2933 724 2988 Artaxerxis
745 2932 873 2996 fratrem,
916 2931 1425 3006 segarus,ttaumprottoocbomas

367 3013 875 3081 csiDsrimscivitstu,qusrusnpsss·
917 3023 1004 3083 patus.
1140 3039 1143 3048 ·

368 3099 450 3150 tectos
467 3105 540 3158 eras,
561 3101 714 3146 aucmento
735 3089 870 3160 legavit·
958 3091 1422 3164 &NoasattcNempeoessitterrisua

368 3175 438 3227 Vide
452 3167 713 3234 suntne-At
723 3187 751 3220 so
763 3171 875 3221 initurum
916 3169 976 3224 Tss.
990 3199 1030 3214 -
1046 3170 1209 3226 Clementiana
1228 3175 1350 3246 Respicit*
1360 3175 1421 3228 bds·

366 3257 480 3324 gretiam.
498 3250 532 3302 Se
546 3247 622 3302 valde
640 3251 809 3302 Amaxerxem
826 3245 874 3300 de·
916 3248 1332 3322 pitiitutelsm‚lideusquedstsns
1341 3255 1420 3308 sauli.

367 3333 534 3387 meriturum.
957 3335 983 3392 4.
1014 3328 1099 3402 Itaque
1128 3334 1193 3382 tus'ss't
1216 3331 1377 3402 Symaetm
1398 3347 1422 3387 st

409 3413 474 3466 Car.
490 3409 525 3460 X.
545 3425 569 3460 s.
583 3406 682 3460 Critias.
696 3403 816 3476 Triginta
831 3417 873 3478 ty·
916 3407 1035 3476 Bagoam.
1056 3407 1237 3478 Syessnitbreu
1260 3411 1421 3468 Pharnabazi

368 3505 512 3547 sannorum
525 3486 735 3540 immanissimus.
745 3483 814 3538 Vide
827 3483 872 3538 Ci·
915 3499 1042 3558 patruum
1057 3501 1133 3542 vocat
1152 3489 1286 3544 Plutarch.
1307 3494 1421 3563 Bagoam

367 3591 421 3626 aer.
436 3569 500 3621 Tus.
516 3577 607 3637 quast.
621 3565 652 3630 1,
668 3567 715 3633 96.
733 3595 774 3608 -
789 3561 873 3616 Certos
915 3573 1420 3642 veronontamnomenssssproprium,

368 3653 480 3704 mitres.
509 3644 664 3699 Plutarchus
694 3640 796 3707 tradit,
817 3661 872 3697 uon
915 3663 994 3716 quarn
1002 3651 1421 3721 commane,putsnt,quol³essa

368 3743 428 3784 ante
448 3725 593 3782 adductans
611 3741 666 3778 esse
686 3719 871 3793 Lysandrum,
915 3723 1419 3800 consummaturam

366 3823 397 3864 ut
408 3803 571 3862 Alcibiadem
580 3801 614 3856 dc
623 3800 712 3856 medio
725 3799 872 3854 tollendum
957 3807 983 3858 5.
1010 3805 1146 3858 Vicinitcts.
1174 3805 1249 3860 Hanc
1273 3813 1420 3862 uies'sitatasa

366 3901 488 3953 caram,
510 3901 589 3956 quana
612 3881 640 3936 id
660 3881 817 3937 nominatius
838 3882 871 3934 sb
914 3881 1047 3938 Melisssns
1060 3885 1153 3938 urbem
1166 3885 1419 3954 mutinenses,

367 3968 474 4040 ephoris
483 3966 508 4019 si
518 3961 657 4018 mandatus
665 3973 740 4016 esset.
749 3959 870 4014 Lanu.
913 3961 1421 4028 mmttrbisnomenmvanna·

409 4068 434 4100 a.
455 4047 528 4098 Laco.
544 4041 758 4096 Lacedaemonius
773 4041 872 4111 Lysan-
915 4041 1207 4113 emanurdequidsm
1220 4045 1323 4100 volunt.
1338 4047 1419 4102 tecta

365 4123 420 4178 der.
431 4121 565 4193 tenpus
575 4121 695 4182 Sallust..
705 4119 811 4174 Natta
819 4137 870 4190 prs
913 4119 941 4174 h.
955 4137 979 4178 c.
988 4121 1021 4174 iis
1029 4122 1076 4192 qni
1086 4121 1114 4174 in
1124 4126 1249 4176 vicinitate
1257 4125 1420 4180 babitabant.
