3246 5134
367 521 436 602 rud
626 517 891 586 CORNELII
919 519 1148 588 NEPOTIS

362 669 729 690 mmmmfflmmffl
733 671 1330 696 mmmmmfflmm
1335 677 1374 698 W
1381 677 1414 696 w

823 857 953 944 xli.

626 1091 1147 1226 CHABRIAS.

749 1375 1030 1404 *⁸*-

694 1576 1094 1647 ARGUMENTUM.

368 1755 434 1808 Cn.
452 1751 483 1820 13
498 1747 653 1820 Chabrias,
670 1767 747 1806 novo
761 1749 913 1827 pugnandi
925 1748 1014 1808 modo
1033 1750 1172 1822 invento,
1189 1751 1294 1808 ebrus.
1316 1785 1353 1794 -
1370 1754 1417 1821 11;

407 1848 465 1902 Res
481 1843 543 1921 ejus
558 1862 626 1900 cum
638 1843 807 1902 Nectanebo
822 1844 977 1922 AEgyptio,
996 1857 1026 1902 ct
1046 1849 1174 1924 Evogora
1188 1847 1306 1923 Cyprio.
1330 1846 1419 1905 Clsssi

409 1940 552 2016 AEgyptiae
566 1951 679 2017 praecst.
690 1973 730 1986 -
741 1942 801 2012 111;
819 1945 947 1999 Domum
962 1955 1127 2014 revocatur3
1146 1955 1268 2021 propter
1282 1943 1420 2001 invidiam

408 2035 582 2113 plerumque
605 2036 694 2095 abest.
718 2067 758 2082 —
780 2040 838 2108 1V;
860 2041 894 2096 ln
914 2037 994 2096 bello
1015 2038 1134 2110 sociali,
1157 2039 1250 2098 ssuis
1266 2039 1419 2110 desertus,

408 2133 590 2191 interficitur.

646 2289 1141 2328 ψ...-

375 2471 593 2604 Curemus,
609 2517 821 2588 Atheniensis.
846 2521 909 2588 Hic
931 2544 1061 2612 quoque
1083 2522 1116 2588 in
1140 2521 1275 2588 sumnus
1291 2520 1422 2590 habitus

373 2639 421 2692 est
442 2620 595 2704 ducibus,
617 2649 731 2716 resque
751 2624 870 2692 multas
888 2623 897 2647 ¹
918 2628 1076 2694 memoria
1095 2625 1210 2719 dignas
1231 2628 1340 2719 gessit.
1359 2625 1423 2693 Sed

372 2753 411 2798 ex
435 2729 486 2796 his
511 2725 617 2798 elucet
637 2731 776 2797 maximo
803 2731 972 2798 inventum
996 2731 1066 2823 ejus
1088 2733 1120 2799 in
1141 2728 1253 2825 praelio
1276 2729 1311 2816 ²,
1335 2729 1423 2824 quod

374 2833 461 2928 opud
476 2834 605 2903 Thebas
624 2835 831 2927 fecit,quun1
853 2837 984 2904 Boeotiis
1007 2837 1152 2906 subsidio
1164 2837 1304 2905 venisset
1316 2862 1323 2903 :
1337 2859 1425 2904 nam·

375 2965 438 3034 que
459 2941 492 3007 in
508 2965 563 3026 eo,
583 2941 719 3009 victoria
738 2939 859 3009 fidente
874 2965 1004 3010 summo
1025 2941 1108 3012 duce
1122 2941 1271 3037 Agesilao
1285 2927 1313 3029 ³,
1329 2941 1424 3034 fuga-

376 3048 415 3114 tis
439 3046 506 3138 jorn
527 3046 569 3112 ab
593 3069 632 3114 eo
653 3043 858 3114 conductitiis
876 3049 1031 3135 catervis,
1052 3048 1209 3142 reliquam
1229 3046 1424 3142 phalangem

417 3243 481 3296 Cur.
499 3244 520 3294 1.
541 3261 564 3294 r.
579 3243 625 3294 Res
643 3243 736 3296 multas.
756 3243 879 3298 Navalem
966 3265 990 3298 α.
1003 3246 1032 3298 In
1045 3247 1139 3316 proelio.
1158 3244 1288 3299 Adversus
1307 3241 1427 3299 Laceda-

378 3321 446 3392 apud
459 3323 560 3374 Nexum
572 3322 708 3374 victoriam
719 3341 863 3377 memorare
874 3365 881 3392 ‚
924 3323 1039 3389 monice,
1048 3344 1102 3396 quo
1111 3325 1251 3378 suxilinriis
1262 3323 1427 3378 Atheniensi·

378 3403 445 3454 forte
455 3403 517 3472 quia
530 3401 647 3453 Phocion
660 3415 783 3472 preerat,
792 3405 881 3456 omisit
924 3405 974 3457 hus
985 3417 1102 3475 preerat.

379 3481 474 3552 Nepos.
482 3481 521 3532 De
529 3499 580 3551 qua
589 3479 649 3533 vide
656 3479 812 3545 Diodorum,
819 3483 881 3546 XV,
966 3485 991 3538 3.
1005 3485 1114 3556 Namque
1129 3487 1153 3534 in
1168 3503 1212 3546 eo,
1225 3486 1328 3534 uictoria
1336 3479 1428 3552 fidente

378 3581 435 3632 cup.
457 3561 509 3623 32,
525 3561 579 3623 33,
596 3578 651 3630 sqq.
670 3571 696 3612 et
715 3562 882 3627 Euhium,
924 3564 1083 3615 commodate
1096 3563 1221 3632 Agesilao.
1236 3559 1270 3613 ld
1282 3573 1334 3628 est,
1345 3577 1429 3632 quum

379 3639 501 3693 adversus
518 3638 723 3710 Ctesiphontem.
741 3641 882 3694 Chabriam
926 3643 954 3694 in
971 3643 1022 3695 boc
1037 3641 1128 3713 prelio
1144 3641 1260 3694 victorin
1277 3643 1331 3712 jam
1344 3653 1430 3692 cenos

379 3739 419 3774 res
441 3719 566 3772 memorio
587 3717 678 3790 dignas
702 3738 757 3772 noo
781 3731 882 3774 tantum
926 3734 992 3774 esset
1016 3722 1165 3792 Agesilaus,
1180 3721 1221 3772 vel
1247 3718 1282 3771 de
1304 3719 1431 3786 victorin,

378 3797 554 3870 gessisse,sed
571 3798 648 3852 etiam
665 3797 761 3851 dixisse
775 3811 884 3852 testatur
927 3813 1051 3871 tunquam
1068 3813 1150 3864 certo,
1170 3797 1293 3852 fiduciam
1313 3799 1429 3851 haberet.

380 3879 535 3932 Plutarchus
558 3879 585 3930 in
608 3879 831 3950 Apophtegmsu's.
852 3879 883 3930 In
927 3881 1093 3952 —Ileliquam
1107 3879 1260 3950 pbalangem.
1279 3876 1358 3950 Apud
1372 3877 1430 3930 Me·

379 3959 471 4028 primis
483 3957 619 4012 dictitabat
632 3959 817 4011 terribiliorem
830 3976 884 4012 esse
927 3957 1039 4013 cedones
1052 3977 1143 4030 sgrnen
1163 3971 1218 4011 erut
1238 3970 1297 4010 octo
1312 3955 1432 4030 pediturn

380 4055 533 4102 cervorum,
549 4036 616 4090 duce
635 4037 725 4102 leone,
737 4057 815 4109 quom
829 4038 883 4090 leo·
928 4039 1045 4090 millibus
1068 4051 1202 4098 constans,
1224 4037 1288 4108 qui,
1307 4037 1433 4089 consertis

381 4133 458 4182 num,
472 4114 539 4170 duce
551 4135 643 4182 cerro,
659 4118 809 4170 exercitum.
928 4117 1043 4188 clypeis,
1062 4118 1209 4188 pressisque
1229 4113 1367 4168 ordinibus
1385 4133 1434 4186 pu-
