3282 5156
493 543 951 614 orsttttvfflonns.
1179 543 1251 643 327
1329 533 1332 542 '

195 693 272 738 rum,
293 671 408 726 mm
426 673 628 740 Tbebmm,
651 691 667 728 e
683 675 815 729 Corintho
831 691 896 728 vern
917 685 945 727 et
961 673 1109 746 Syrerusis,
1133 687 1164 728 nt
1182 687 1209 728 et
1224 695 1257 730 ex

195 751 339 808 Alexandri
353 751 480 820 duribus,
491 771 546 808 nou
554 755 605 808 nisi
617 753 849 826 engubranni·
861 752 1044 808 novendecim
1053 754 1257 825 imperetur-ibus

198 832 299 888 Grne'n
316 831 455 888 edmisenit
473 853 558 888 nnnnt
572 853 588 886 e
607 833 717 888 Persicis
735 847 764 888 et
782 853 798 888 e
816 833 1066 906 Carthaginensibus
1085 833 1170 901 duest
1185 836 1254 907 ipae,

198 910 548 985 eredo,1nobepermssne‚
560 933 603 968 eas
615 926 721 985 gentes,
733 913 891 986 quasGreei
906 913 1053 967 nilomeni
1065 915 1257 980 mmnniter,

198 991 246 1048 sed
257 1011 353 1064 magns
362 993 483 1064 prolecto
492 994 602 1066 injuria,
617 993 741 1048 baritum
753 993 917 1060 renitebant,
932 1011 988 1046 non
998 993 1082 1048 inisse
1088 1011 1104 1047 e
1112 993 1218 1048 rirtntis
1230 1005 1259 1048 et

198 1071 347 1145 prudentie
361 1071 438 1126 lende
456 1072 568 1140 alienes,
595 1085 623 1127 et
641 1074 726 1127 nobili
747 1085 883 1146 pemnttn
896 1073 1023 1138 oonrssio,
1043 1085 1074 1128 ut
1090 1073 1160 1127 eirea
1181 1091 1256 1134 snos,

199 1152 246 1224 qui
258 1153 364 1206 fortuna
383 1153 444 1205 elsti
459 1153 573 1225 reliquas
594 1167 684 1224 gentes
699 1171 791 1208 omues
806 1165 978 1208 oontnnm
991 1153 1124 1218 solebat,
1149 1153 1259 1207 meliora

197 1229 327 1285 eslooeret.

239 1309 349 1383 Scripsit
363 1310 453 1382 llepos
466 1311 621 1366 Greoornm
638 1311 776 1378 historias,
800 1329 832 1366 eo
854 1313 882 1366 in
902 1312 973 1366 bene
989 1323 1095 1384 gentem
1111 1309 1214 1377 nudie,
1229 1324 1260 1365 ut

199 1389 256 1464 ipse
270 1409 320 1461 pro
332 1390 426 1443 Greoo
443 1390 535 1444 heberi
550 1393 652 1464 possit,
675 1391 722 1445 sed
735 1393 899 1465 interspersis
913 1391 1009 1445 talibus
1022 1391 1173 1458 sententiis,
1200 1409 1260 1462 qun

199 1471 271 1522 bono
282 1471 403 1523 meno
417 1469 475 1524 eive
488 1469 574 1541 (ligne
589 1483 671 1525 erant.
684 1471 805 1544 Exempli
818 1472 901 1543 gratis
911 1487 1006 1544 pancas
1018 1471 1176 1543 proferente
1187 1488 1260 1523 eom·

199 1549 330 1622 pluribus.
346 1549 442 1602 liet-ret
454 1549 583 1604 Miltiadis
594 1551 680 1623 cupite
693 1555 724 1615 6,
742 1553 819 1624 qnsle
836 1551 975 1623 premium
995 1551 1020 1603 ei
1035 1551 1069 1603 sit
1082 1551 1212 1603 tributum
1224 1549 1261 1603 ob

202 1628 716 1702 vietorissnblaratboniam,eausemque
726 1629 1155 1704 subjicitquuolecilinsintelligi
1164 1629 1260 1702 possit,

203 1733 216 1756 ι
229 1707 349 1762 eamdem
354 1709 475 1762 omnium
484 1709 682 1765 cisitstnmesse
689 1723 820 1764 naturssn.
828 1709 942 1764 Uteuim
951 1709 1045 1782 populi
1055 1710 1137 1762 nostri
1145 1710 1260 1762 honores

203 1787 364 1860 squondarn
376 1790 484 1842 inerunt
497 1792 550 1844 reri
567 1804 595 1845 et
609 1803 719 1856 tennes,
738 1792 774 1844 ob
794 1809 906 1864 ermque
917 1805 1027 1848 ,censam
1042 1787 1163 1860 gloriosi,
1188 1805 1261 1842 nuno

202 1893 214 1915 ι
224 1881 312 1921 eutem
327 1867 406 1922 effusi
421 1879 500 1941 nque
516 1870 646 1938 obsoleti3
670 1871 707 1924 sic
727 1871 792 1924 olim
813 1867 885 1944 epntl
899 1869 1072 1923 Athenienses
1091 1869 1171 1922 luisse
1185 1885 1262 1940 repe·

201 1973 214 1997 s
227 1949 317 2002 timus.
328 1971 340 1995 ι
363 1951 450 2002 Anree
465 1961 528 2012 sunt
541 1950 598 2004 beet
614 1951 694 2004 rerba
708 1950 817 2016 lectori,
829 1949 1033 2022 quiGrteoornrn
1047 1949 1262 2002 etllomsnornm

198 2028 362 2100 aliarumque
374 2028 493 2100 gentium
505 2025 596 2083 norell
605 2030 759 2096 historiam,
782 2041 809 2084 et
823 2029 870 2102 qui
884 2029 911 2082 in
927 2047 1017 2083 cenna
1029 2027 1141 2100 inquirit
1155 2038 1263 2080 serratas

198 2105 1264 2182 apndaliosluteqritstis,upudalioscitoounseontsedepravetionismoruusbeu·
1363 2153 1365 2158 ,

197 2185 244 2240 ‹lnt
256 2187 369 2257 Agesilai
377 2187 502 2257 pietstem
515 2192 564 2252 nl
580 2205 587 2240 ε
605 2211 616 2236 ι
632 2188 686 2253 Qui
696 2205 779 2259 quum
790 2187 884 2240 victori
896 2199 1017 2260 preesset
1028 2185 1170 2250 exercitui,
1180 2185 1263 2238 maxi·

201 2291 213 2314 ι
228 2283 351 2338 memque
357 2264 595 2319 beberetfidneirm
601 2267 677 2337 requi
684 2267 824 2320 Persarum
831 2260 1263 2340 potiundi,tantsmotlestia‹lieto

202 2343 334 2398 erudiens
353 2343 404 2397 luit
413 2347 491 2415 jussis
504 2346 652 2398 absentium
667 2347 880 2418 magistratuum,
896 2358 926 2397 ut
938 2345 960 2398 si
977 2345 1095 2418 priretns
1111 2345 1140 2396 in
1154 2343 1263 2396 comitio

202 2447 214 2472 s
229 2435 295 2478 esset
307 2423 443 2495 Spar-tet·
461 2437 487 2477 et
502 2425 637 2496 subjungit
654 2444 661 2478 t
679 2424 755 2496 Cujus
769 2426 899 2496 exemplum
915 2429 1006 2477 utinen
1023 2427 1173 2495 imperatores
1187 2425 1264 2474 nostri

196 2507 264 2576 sequi
284 2503 435 2555 sensissent!
458 2504 522 2558 lisso
539 2506 630 2570 verbe,
649 2521 708 2578 quat
722 2507 821 2576 justum
839 2505 891 2559 riri
906 2504 970 2557 boni
984 2501 1130 2556 doloreme
1150 2513 1264 2575 pertur-

194 2585 303 2637 betione
313 2584 406 2654 putris
418 2597 576 2656 conceptum
595 2584 780 2650 manifestant,
796 2597 885 2658 aperte
894 2583 1040 2656 respiciunt
1052 2581 1085 2636 ad
1099 2583 1130 2636 L.
1142 2579 1242 2653 syllam
1255 2620 1263 2646 ,

197 2663 244 2733 qni
266 2663 367 2734 primus
385 2663 520 2728 omniurn,
543 2663 617 2718 etad
638 2665 742 2718 lulium
762 2664 907 2728 cestren,
930 2663 977 2735 qui
999 2660 1119 2734 sequenti
1138 2675 1262 2732 tempore

198 2743 341 2796 exereitum
353 2745 523 2809 numanum,
546 2745 590 2797 oni
608 2745 724 2816 preteeti
745 2757 837 2810 eram,
865 2755 970 2796 vetante
995 2753 1108 2807 senatu,
1135 2739 1261 2794 adsersus

198 2822 294 2876 urbem
311 2823 424 2876 Romam
443 2821 585 2876 dumont.
609 2822 718 2877 Possent
738 2825 816 2878 etiam
832 2821 959 2895 applicari
980 2820 1014 2875 sd
1032 2821 1189 2883 Octavium,
1203 2820 1262 2891 qni,

199 2917 260 2956 enm
268 2903 384 2956 ererritu
393 2919 407 2954 a
415 2903 608 2956 senatnrnisssn
620 2915 711 2956 contre
720 2904 876 2968 Antonium,
887 2901 967 2974 paulo
978 2913 1039 2974 post
1051 2919 1124 2954 srms
1138 2897 1263 2952 adsersus

200 2993 319 3034 nuatum
334 2984 481 3047 eonvertit't
497 2983 518 3035 si
534 2983 599 3036 oerti
612 3001 726 3036 essemus
739 2981 773 3036 de·
787 2998 870 3047 enno,
888 2999 942 3056 qno
956 2981 1046 3052 Nepos
1059 2980 1125 3033 sitas
1137 2977 1264 3032 exoelleu·

200 3061 268 3114 tiust
286 3061 477 3135 imperatorum
497 3062 661 3135 conseripsit.
687 3063 729 3116 De
752 3061 902 3136 Tlmsrbulo
922 3077 1019 3132 egens,
1045 3077 1129 3132 quum
1147 3057 1263 3112 Athenas

199 3141 312 3194 liberere
328 3157 461 3213 eggressus
476 3153 558 3211 esset,
571 3143 660 3214 iuquit
674 3141 813 3206 Cornelius
835 3159 893 3213 esp.
912 3157 946 3194 a:
966 3165 978 3186 ι
993 3135 1086 3212 Neque
1106 3150 1194 3190 tamen
1213 3133 1262 3210 pro

204 3243 216 3267 ι
228 3221 355 3291 opinione
369 3221 531 3293 Thrasybuli
547 3234 629 3276 annas
648 3233 710 3276 snnt
731 3238 802 3294 opes.
818 3219 886 3274 Nem
897 3223 950 3292 jam
965 3230 1014 3271 nass
1034 3219 1085 3272 illis
1099 3217 1263 3290 temporibus

205 3319 218 3345 s
229 3297 323 3352 lurtins
333 3299 398 3352 boni
411 3319 462 3371 pro
471 3299 591 3355 libertate
602 3302 792 3374 loquebantur,
801 3319 880 3373 quern
895 3299 1055 3372 pugnabunt.
1062 3323 1073 3346 ι
1081 3297 1179 3350 Dolens
1191 3314 1264 3351 oom-

201 3389 278 3448 paret
292 3389 385 3431 auctor
403 3380 551 3450 meipsius
571 3393 691 3453 tempora
714 3397 776 3434 eum
800 3379 869 3444 illis,
889 3381 985 3454 quibus
1004 3379 1129 3442 Athene,
1149 3387 1264 3450 quatuor

202 3457 258 3509 lere
274 3457 367 3510 seenlis
390 3469 466 3522 ante,
488 3459 590 3513 nistera
611 3461 661 3512 sub
682 3461 788 3532 triginta
808 3461 927 3534 tyrannis
948 3459 1102 3514 servitutem
1120 3457 1263 3511 subierunt.

201 3536 268 3603 Quis
285 3537 357 3589 enlrn
371 3537 467 3605 nescit,
476 3537 522 3590 ille
538 3538 636 3606 verbe,
647 3539 747 3592 Fortius
761 3541 818 3593 bosi
826 3559 873 3611 pm
886 3539 994 3592 libertate
1005 3539 1174 3611 inpudenter,
1193 3555 1264 3609 quem

198 3616 357 3690 pugnabunt,
382 3616 452 3668 inter
465 3618 563 3671 multos
575 3617 639 3672 alios
654 3618 683 3670 in
700 3619 787 3690 ipsum
804 3617 978 3684 Ciceronem,
1002 3618 1135 3689 egregium
1146 3615 1264 3688 alioquin

202 3699 306 3762 nivern,
322 3695 482 3749 convenire?

240 3775 304 3829 linc
321 3787 349 3829 et
368 3773 418 3828 alin
436 3775 498 3829 setis
517 3793 648 3849 superque
664 3775 813 3843 deelsnnt,
834 3778 856 3831 si
870 3775 1098 3848 argumentatione
1116 3792 1184 3848 opus
1198 3783 1265 3828 esset

200 3857 229 3910 in
240 3872 272 3910 re
282 3855 401 3910 oenleeta
409 3893 417 3920 ,
425 3855 521 3909 risisse
532 3869 665 3910 rumorem
679 3857 758 3930 hujus
768 3857 845 3925 libri,
857 3855 977 3928 Pompeii
989 3864 1015 3908 et
1026 3852 1264 3916 Cereris,Autonii

199 3936 338 3990 etot-terii
350 3945 441 4000 retate,
452 3947 479 3989 et
486 3953 542 3988 esse
553 3935 692 4002 eumdem,
706 3937 753 4010 qui
765 3940 847 3991 vitam
856 3933 998 4006 l’otnponii
1008 3933 1088 3988 Attici
1101 3931 1265 4003 conseripsit.

199 4016 340 4070 Deelsrant
350 4013 421 4069 idem
435 4029 609 4088 quecumque
616 4015 729 4070 subinde
743 4017 771 4074 in
783 4017 836 4070 boe
848 4015 932 4079 libro,
947 4024 979 4066 nt
992 4013 1019 4065 in
1032 4011 1187 4086 prelatione
1201 4023 1227 4065 et
1236 4013 1264 4065 in

200 4093 401 4166 Epaminoude,
412 4093 447 4150 sle
459 4095 578 4148 moribus
584 4097 765 4150 Romanorum
775 4105 934 4159 monentur,
948 4108 1008 4168 quas
1018 4092 1109 4146 omnia
1121 4089 1265 4148 inCnsaris

200 4186 227 4226 st
240 4175 350 4247 Aupnti
362 4188 464 4232 meten
475 4173 615 4249 mirere

984 4269 1054 4351 Μ4
