3200 5120
373 467 457 514 xxvi
538 523 541 529 ¹
738 445 1070 514 TESTIMONIA

372 592 528 645 rentur.»
558 577 620 642 Hic
641 599 772 668 qnoque
798 573 890 646 locus
914 575 1079 661 declarat,
1101 575 1191 644 hunc
1216 574 1339 646 librum
1370 602 1452 650 esse

372 684 546 778 scriptum,
556 705 622 775 quo
636 677 785 775 tempore
795 681 938 777 populus
950 685 1119 752 Romanus
1133 685 1262 777 imperii
1271 709 1451 754 summam

372 789 559 874 obtinebat,
576 813 643 856 non
656 813 721 881 quo
735 791 947 883 imperatores
961 792 1072 858 omnia
1082 791 1117 857 in
1131 815 1224 858 suam
1237 805 1451 884 potestatem

370 895 576 988 redegerant.
598 897 705 979 Nam,
723 897 976 989 imperatoribus
995 895 1256 984 dominantibus,
1276 901 1450 968 Germani

372 1017 406 1070 et
427 1001 575 1069 barbarae
597 990 745 1078 nationes
763 1000 1009 1072 firmamentum
1025 1017 1059 1070 et
1076 1002 1179 1070 robur
1198 1017 1294 1073 mant
1311 1007 1449 1074 exerci-

373 1121 484 1192 tuum,
501 1131 568 1175 non
587 1109 729 1180 Romani
747 1119 804 1176 aut
819 1110 954 1176 omnino
975 1110 1091 1176 Latini.
1111 1107 1193 1176 Ibid.
1216 1103 1382 1198 (XVIII,
1407 1111 1450 1199 8,

375 1239 417 1300 a,
440 1209 512 1302 )sic
534 1239 541 1282 :
567 1243 584 1278 a
602 1215 754 1306 Namque
772 1212 826 1280 illa
844 1212 988 1308 phalanx
1006 1213 1182 1282 Alexandri
1203 1217 1337 1309 Magni,
1363 1241 1450 1310 quae

372 1322 482 1388 Asiam
501 1333 713 1413 peragrarat,
729 1318 959 1413 deviceratque
977 1322 1110 1408 Persas,
1131 1324 1311 1390 inveterata
1331 1345 1450 1416 quum

374 1425 497 1521 gloria,
519 1440 588 1492 tum
619 1427 717 1494 etiarn
741 1424 890 1512 licentia,
909 1451 976 1494 non
1000 1449 1115 1520 parere
1136 1453 1170 1495 se
1191 1429 1357 1512 ducibus,
1384 1429 1449 1498 sed

373 1533 536 1625 imperare
550 1530 738 1625 postulabat
750 1547 803 1602 :ut
820 1557 910 1616 nunc
925 1535 1070 1600 veterani
1086 1533 1212 1602 ,faciunt
1229 1537 1345 1603 nostri.
1366 1537 1447 1604 Ita-

374 1662 438 1732 que
458 1636 639 1731 periculum
662 1653 732 1722 est,
744 1663 788 1708 ne
804 1639 1046 1733 laciaut‚quod
1061 1638 1106 1707 illi
1127 1639 1295 1727 lecerunt,
1310 1665 1373 1710 sua
1395 1643 1449 1708 in—

374 1747 592 1838 temperantia
613 1744 777 1837 nimiaque
798 1744 928 1814 licentia
956 1760 994 1814 ut
1010 1748 1120 1814 omnia
1139 1746 1305 1840 perdant3
1331 1769 1450 1842 neque

375 1851 483 1918 minus
510 1875 588 1936 eos,
613 1875 688 1919 cum
716 1851 836 1944 quibus
858 1853 1030 1938 steterint,
1055 1875 1154 1946 quam
1177 1852 1334 1921 adversus
1357 1877 1450 1948 quos

377 1957 557 2024 fecerint.»
580 1957 643 2024 llic
662 1955 770 2044 locus,
792 1958 818 2026 si
838 1971 962 2027 attente
979 1958 1219 2042 consideretur,
1241 1982 1377 2052 unaque
1400 1959 1449 2028 le·

260 2055 263 2060 ⁵
377 2077 513 2156 gantur,
541 2087 613 2157 quae
636 2062 678 2132 ad
700 2088 777 2134 eum
797 2065 1047 2151 annotavimus,
1067 2067 1215 2134 omnium
1236 2066 1449 2159 apertissime

376 2169 498 2237 indicat
529 2184 628 2264 atque
654 2172 761 2264 arguit
777 2223 795 2258 ,.
814 2170 912 2263 hujus
936 2169 1018 2238 libri⁴
1039 2171 1233 2264 scriptorem
1267 2171 1449 2241 consulum

376 2299 585 2363 annuorum,
606 2299 673 2346 non
698 2277 933 2370 imperatorum
960 2291 1216 2371 perpetuorum,
1235 2279 1449 2372 temporibus

377 2396 410 2450 et
429 2381 578 2450 floruisse
597 2396 630 2450 et
651 2384 827 2477 scripsisse.
850 2385 890 2450 In
912 2377 1073 2472 Catone(
1086 2387 1215 2470 XXIV,
1234 2409 1328 2470 a,-a,
1343 2381 1355 2472 l
1373 2385 1447 2454 sic:

381 2517 398 2552 a
416 2489 469 2556 Ibi
482 2512 584 2581 quum
607 2488 737 2568 diutius,
750 2504 955 2576 moraretur,
972 2493 1007 2559 P.
1023 2491 1132 2585 Scipio
1152 2489 1345 2577 Africanus,
1362 2513 1449 2559 con-

377 2592 428 2664 sul
443 2595 687 2687 iterum‚cujus
705 2597 739 2663 in
758 2597 867 2690 priore
884 2594 1057 2665 consulatu
1078 2611 1221 2689 quaestor
1240 2595 1368 2688 fuerat,
1385 2621 1448 2664 vo·

377 2697 438 2769 luit
458 2725 534 2768 eum
562 2700 603 2770 de
629 2703 799 2796 provincia
829 2701 1016 2795 depellere,
1041 2716 1075 2770 et
1101 2704 1171 2796 ipse
1194 2704 1225 2770 ei
1254 2701 1446 2772 succedere.

378 2808 496 2901 Neque
509 2806 574 2878 lroc
586 2833 645 2902 per
657 2823 806 2878 senatum
819 2807 952 2876 efficere
968 2810 1093 2902 potuit,
1104 2831 1207 2902 quum
1222 2808 1354 2901 quidem
1372 2809 1447 2878 Sci-

379 2914 434 3006 pio
450 2915 483 2981 in
507 2915 639 2982 civitate
655 2915 876 3007 principatum
896 2914 1074 2983 obtineret:
1093 2915 1182 3007 quod
1204 2929 1273 2983 tum
1297 2935 1365 2982 non
1383 2934 1446 3010 po-

379 3019 499 3104 tentia,
514 3018 571 3088 sed
586 3019 678 3110 jure,
699 3018 883 3113 respublica
905 3019 1203 3090 administrabatur.
1230 3049 1247 3085 a
1267 3021 1350 3109 Quis
1375 3043 1446 3090 non

379 3122 488 3208 videt,
516 3123 567 3192 bis
588 3127 702 3217 paucis
724 3125 833 3194 verbis
856 3129 1034 3218 potentiam
1058 3127 1222 3220 Pompeii,
1244 3141 1278 3195 et
1301 3128 1447 3195 maxime

381 3229 537 3316 Caesaris,
553 3229 698 3299 vellicari
718 3255 756 3300 ac
771 3234 878 3300 notari
892 3231 976 3302 lHis
993 3232 1060 3300 fere
1078 3234 1280 3328 argumentis
1299 3256 1338 3299 ac
1352 3231 1447 3300 testi-

381 3335 500 3404 moniis
515 3335 548 3402 in
563 3335 649 3406 hanc
663 3337 850 3431 opinionem
866 3337 1029 3424 adducor,
1040 3352 1078 3407 ut
1089 3363 1146 3407 eos
1161 3361 1362 3432 magnopere
1376 3337 1448 3406 falli

378 3442 580 3528 existimem,
607 3443 664 3535 qui
688 3443 785 3537 hujus
815 3442 889 3514 libri
919 3447 1113 3538 scriptorem
1143 3458 1238 3514 aetate
1267 3445 1447 3514 Theodosii

381 3548 501 3616 vixisse
523 3550 799 3642 pronuntiarunt,
825 3552 974 3643 quamvis
996 3551 1105 3644 magni
1131 3553 1275 3620 nominis
1298 3553 1388 3637 sint,
1410 3552 1447 3617 in

380 3655 499 3750 quibus
517 3669 567 3726 est
588 3654 808 3724 Robortellus.
829 3659 942 3725 Fuerit
966 3659 1053 3726 enim
1076 3659 1289 3751 quantumvis
1307 3654 1445 3742 doetus,

383 3760 493 3831 multis
523 3764 560 3829 in
580 3761 679 3831 rebus
705 3761 801 3831 fuerit
826 3761 976 3832 oculatus
1008 3777 1042 3831 et
1066 3766 1259 3860 perspicax,
1277 3760 1380 3832 solers
1410 3775 1447 3829 et

383 3885 519 3938 acutus:
535 3869 708 3963 ignoscant
729 3868 807 3937 mihi
831 3884 940 3938 tamen
962 3869 1144 3940 Robortelli
1164 3891 1303 3938 manes:
1323 3869 1355 3934 in
1378 3867 1444 3936 hac

383 3997 501 4066 parurn
517 3975 788 4070 vidit,·valdeque
805 3975 866 4044 fuit
881 3978 1011 4071 pinguis
1025 4000 1064 4046 ac
1079 3977 1200 4046 tardus.
1217 3973 1317 4062 Quod
1331 3989 1443 4042 autem

381 4080 480 4148 etiam
507 4107 620 4152 versus
645 4082 687 4152 ad
711 4084 776 4152 boc
798 4083 1005 4177 probandum
1031 4082 1204 4186 afferunt,
1218 4082 1322 4173 iisque
1346 4080 1442 4152 valde
