<?xml version="1.0" encoding="UTF-8"?>
<!DOCTYPE html PUBLIC "-//W3C//DTD XHTML 1.0 Transitional//EN"
    "http://www.w3.org/TR/xhtml1/DTD/xhtml1-transitional.dtd">
<html xmlns="http://www.w3.org/1999/xhtml" xml:lang="en" lang="en">
 <head>
  <title>
</title>
<meta http-equiv="Content-Type" content="text/html;charset=utf-8" />
  <meta name='ocr-system' content='tesseract 3.04.00' />
  <meta name='ocr-capabilities' content='ocr_page ocr_carea ocr_par ocr_line ocrx_word'/>
</head>
<body>
  <div class='ocr_page' id='page_1' title='image "./corneliusnepose00descgoog_0241.png"; bbox 0 0 3246 5134; ppageno 0'>
   <div class='ocr_carea' id='block_1_1' title="bbox 323 523 1112 596">
    <p class='ocr_par' dir='ltr' id='par_1_1' title="bbox 323 523 1112 596">
     <span class='ocr_line' id='line_1_1' title="bbox 323 523 1112 596; baseline -0.004 0"><span class='ocrx_word' id='word_1_1' title='bbox 323 523 394 596; x_wconf 89' lang='lat'><strong>166</strong></span> <span class='ocrx_word' id='word_1_2' title='bbox 586 527 852 596; x_wconf 83' lang='lat' dir='ltr'>CORNELII</span> <span class='ocrx_word' id='word_1_3' title='bbox 880 525 1112 596; x_wconf 84' lang='lat' dir='ltr'><strong>NEPO&#39;l&#39;IS</strong></span> 
     </span>
    </p>
   </div>
   <div class='ocr_carea' id='block_1_2' title="bbox 317 663 1384 2469">
    <p class='ocr_par' dir='ltr' id='par_1_2' title="bbox 317 663 1379 868">
     <span class='ocr_line' id='line_1_2' title="bbox 317 663 1378 761; baseline 0 -27"><span class='ocrx_word' id='word_1_4' title='bbox 317 667 480 754; x_wconf 78' lang='lat' dir='ltr'><strong>lecerunt,</strong></span> <span class='ocrx_word' id='word_1_5' title='bbox 498 663 579 734; x_wconf 88' lang='lat' dir='ltr'><strong>alios</strong></span> <span class='ocrx_word' id='word_1_6' title='bbox 600 667 634 734; x_wconf 94' lang='lat' dir='ltr'><strong>in</strong></span> <span class='ocrx_word' id='word_1_7' title='bbox 656 664 992 759; x_wconf 77' lang='lat' dir='ltr'><strong>exilium&#39;ejecerant:</strong></span> <span class='ocrx_word' id='word_1_8' title='bbox 1010 665 1044 735; x_wconf 89' lang='lat' dir='ltr'><strong>in</strong></span> <span class='ocrx_word' id='word_1_9' title='bbox 1063 663 1183 759; x_wconf 91' lang='lat' dir='ltr'><strong>quibus</strong></span> <span class='ocrx_word' id='word_1_10' title='bbox 1206 663 1378 761; x_wconf 82' lang='lat' dir='ltr'><strong>Pelopidas</strong></span> 
     </span>
     <span class='ocr_line' id='line_1_3' title="bbox 317 770 1379 868; baseline -0.002 -26"><span class='ocrx_word' id='word_1_11' title='bbox 317 773 390 861; x_wconf 89' lang='lat' dir='ltr'><strong>bic,</strong></span> <span class='ocrx_word' id='word_1_12' title='bbox 402 772 444 842; x_wconf 89' lang='lat' dir='ltr'><strong>de</strong></span> <span class='ocrx_word' id='word_1_13' title='bbox 465 797 532 866; x_wconf 91' lang='lat' dir='ltr'><strong>quo</strong></span> <span class='ocrx_word' id='word_1_14' title='bbox 550 773 692 841; x_wconf 86' lang='lat' dir='ltr'><strong>scribere</strong></span> <span class='ocrx_word' id='word_1_15' title='bbox 710 774 817 842; x_wconf 87' lang='lat' dir='ltr'><strong>exorsi</strong></span> <span class='ocrx_word' id='word_1_16' title='bbox 840 794 973 860; x_wconf 90' lang='lat' dir='ltr'><strong>sumus,</strong></span> <span class='ocrx_word' id='word_1_17' title='bbox 986 770 1100 868; x_wconf 90' lang='lat' dir='ltr'><strong>pulsus</strong></span> <span class='ocrx_word' id='word_1_18' title='bbox 1116 773 1221 866; x_wconf 86' lang='lat' dir='ltr'><strong>patria</strong></span> <span class='ocrx_word' id='word_1_19' title='bbox 1233 772 1379 842; x_wconf 77' lang='lat' dir='ltr'><strong>carebat.</strong></span> 
     </span>
    </p>

    <p class='ocr_par' dir='ltr' id='par_1_3' title="bbox 319 877 1384 2469">
     <span class='ocr_line' id='line_1_4' title="bbox 372 877 1379 972; baseline -0.001 -24"><span class='ocrx_word' id='word_1_20' title='bbox 372 881 475 948; x_wconf 82' lang='grc' dir='ltr'><strong>11.Ηί</strong></span> <span class='ocrx_word' id='word_1_21' title='bbox 497 903 613 948; x_wconf 89' lang='lat' dir='ltr'><strong>omnes</strong></span> <span class='ocrx_word' id='word_1_22' title='bbox 640 877 709 948; x_wconf 86' lang='lat' dir='ltr'><strong>lere</strong></span> <span class='ocrx_word' id='word_1_23' title='bbox 739 879 887 949; x_wconf 81' lang='lat' dir='ltr'><strong>Athenas</strong></span> <span class='ocrx_word' id='word_1_24' title='bbox 909 903 944 948; x_wconf 91' lang='lat' dir='ltr'><strong>se</strong></span> <span class='ocrx_word' id='word_1_25' title='bbox 969 877 1196 966; x_wconf 81' lang='lat' dir='ltr'><strong>contulerant,</strong></span> <span class='ocrx_word' id='word_1_26' title='bbox 1214 901 1282 947; x_wconf 91' lang='lat' dir='ltr'><strong>non</strong></span> <span class='ocrx_word' id='word_1_27' title='bbox 1313 903 1379 972; x_wconf 91' lang='lat' dir='ltr'><strong>quo</strong></span> 
     </span>
     <span class='ocr_line' id='line_1_5' title="bbox 319 983 1378 1081; baseline -0.002 -27"><span class='ocrx_word' id='word_1_28' title='bbox 319 1001 533 1080; x_wconf 82' lang='lat' dir='ltr'><strong>sequerentur</strong></span> <span class='ocrx_word' id='word_1_29' title='bbox 550 986 670 1074; x_wconf 88' lang='lat' dir='ltr'><strong>otium,</strong></span> <span class='ocrx_word' id='word_1_30' title='bbox 688 986 746 1056; x_wconf 90' lang='lat' dir='ltr'><strong>sed</strong></span> <span class='ocrx_word' id='word_1_31' title='bbox 765 999 821 1072; x_wconf 93' lang='lat' dir='ltr'><strong>ut,</strong></span> <span class='ocrx_word' id='word_1_32' title='bbox 842 1009 1007 1081; x_wconf 88' lang='lat' dir='ltr'><strong>quemque</strong></span> <span class='ocrx_word' id='word_1_33' title='bbox 1024 1011 1064 1054; x_wconf 87' lang='lat' dir='ltr'><strong>ex</strong></span> <span class='ocrx_word' id='word_1_34' title='bbox 1082 985 1233 1081; x_wconf 82' lang='lat' dir='ltr'><strong>proximo</strong></span> <span class='ocrx_word' id='word_1_35' title='bbox 1245 983 1254 1010; x_wconf 89' lang='lat'><strong>¹</strong></span> <span class='ocrx_word' id='word_1_36' title='bbox 1267 984 1378 1054; x_wconf 90' lang='lat' dir='ltr'><strong>locum</strong></span> 
     </span>
     <span class='ocr_line' id='line_1_6' title="bbox 320 1090 1380 1188; baseline -0.001 -27"><span class='ocrx_word' id='word_1_37' title='bbox 320 1091 387 1162; x_wconf 84' lang='lat' dir='ltr'><strong>fors</strong></span> <span class='ocrx_word' id='word_1_38' title='bbox 406 1090 593 1180; x_wconf 87' lang='lat' dir='ltr'><strong>obtulisset,</strong></span> <span class='ocrx_word' id='word_1_39' title='bbox 612 1117 652 1162; x_wconf 90' lang='lat' dir='ltr'><strong>eo</strong></span> <span class='ocrx_word' id='word_1_40' title='bbox 671 1095 813 1188; x_wconf 90' lang='lat' dir='ltr'><strong>patriam</strong></span> <span class='ocrx_word' id='word_1_41' title='bbox 832 1115 1029 1188; x_wconf 86' lang='lat' dir='ltr'><strong>recuperare</strong></span> <span class='ocrx_word' id='word_1_42' title='bbox 1050 1094 1243 1161; x_wconf 80' lang='lat' dir='ltr'><strong>niterentur.</strong></span> <span class='ocrx_word' id='word_1_43' title='bbox 1261 1093 1380 1186; x_wconf 91' lang='lat' dir='ltr'><strong>Itaque</strong></span> 
     </span>
     <span class='ocr_line' id='line_1_7' title="bbox 319 1193 1378 1294; baseline 0 -27"><span class='ocrx_word' id='word_1_44' title='bbox 319 1223 421 1292; x_wconf 90' lang='lat' dir='ltr'><strong>quum</strong></span> <span class='ocrx_word' id='word_1_45' title='bbox 438 1213 572 1294; x_wconf 87' lang='lat' dir='ltr'><strong>tempus</strong></span> <span class='ocrx_word' id='word_1_46' title='bbox 593 1213 643 1269; x_wconf 90' lang='lat' dir='ltr'><strong>est</strong></span> <span class='ocrx_word' id='word_1_47' title='bbox 660 1201 768 1269; x_wconf 84' lang='lat' dir='ltr'><strong>visum</strong></span> <span class='ocrx_word' id='word_1_48' title='bbox 786 1200 832 1268; x_wconf 91' lang='lat' dir='ltr'><strong>rei</strong></span> <span class='ocrx_word' id='word_1_49' title='bbox 854 1200 1027 1294; x_wconf 76' lang='lat' dir='ltr'><strong>gerendae,</strong></span> <span class='ocrx_word' id='word_1_50' title='bbox 1045 1193 1286 1268; x_wconf 86' lang='lat' dir='ltr'><strong>communiter¹</strong></span> <span class='ocrx_word' id='word_1_51' title='bbox 1301 1221 1378 1268; x_wconf 91' lang='lat' dir='ltr'><strong>cum</strong></span> 
     </span>
     <span class='ocr_line' id='line_1_8' title="bbox 319 1302 1380 1400; baseline -0.002 -26"><span class='ocrx_word' id='word_1_52' title='bbox 319 1304 387 1391; x_wconf 90' lang='lat' dir='ltr'><strong>bis,</strong></span> <span class='ocrx_word' id='word_1_53' title='bbox 411 1308 468 1400; x_wconf 91' lang='lat' dir='ltr'><strong>qui</strong></span> <span class='ocrx_word' id='word_1_54' title='bbox 493 1307 618 1376; x_wconf 83' lang='lat' dir='ltr'><strong>Thebis</strong></span> <span class='ocrx_word' id='word_1_55' title='bbox 648 1305 733 1376; x_wconf 88' lang='lat' dir='ltr'><strong>idern</strong></span> <span class='ocrx_word' id='word_1_56' title='bbox 762 1307 967 1394; x_wconf 85' lang='lat' dir='ltr'><strong>sentiebant,</strong></span> <span class='ocrx_word' id='word_1_57' title='bbox 988 1305 1075 1375; x_wconf 89' lang='lat' dir='ltr'><strong>diem</strong></span> <span class='ocrx_word' id='word_1_58' title='bbox 1102 1303 1316 1400; x_wconf 84' lang='lat' dir='ltr'><strong>delegerunt,</strong></span> <span class='ocrx_word' id='word_1_59' title='bbox 1338 1302 1380 1372; x_wconf 90' lang='lat' dir='ltr'><strong>ad</strong></span> 
     </span>
     <span class='ocr_line' id='line_1_9' title="bbox 319 1411 1381 1508; baseline 0 -28"><span class='ocrx_word' id='word_1_60' title='bbox 319 1411 470 1482; x_wconf 79' lang='lat' dir='ltr'><strong>mimicos</strong></span> <span class='ocrx_word' id='word_1_61' title='bbox 484 1413 720 1508; x_wconf 90' lang='lat' dir='ltr'><strong>opprimendos</strong></span> <span class='ocrx_word' id='word_1_62' title='bbox 731 1414 962 1508; x_wconf 86' lang='lat' dir='ltr'><strong>civitatemque</strong></span> <span class='ocrx_word' id='word_1_63' title='bbox 974 1411 1194 1500; x_wconf 87' lang='lat' dir='ltr'><strong>liberandam,</strong></span> <span class='ocrx_word' id='word_1_64' title='bbox 1206 1435 1302 1499; x_wconf 90' lang='lat' dir='ltr'><strong>eum,</strong></span> <span class='ocrx_word' id='word_1_65' title='bbox 1314 1435 1381 1506; x_wconf 91' lang='lat' dir='ltr'><strong>quo</strong></span> 
     </span>
     <span class='ocr_line' id='line_1_10' title="bbox 320 1518 1381 1615; baseline -0.002 -27"><span class='ocrx_word' id='word_1_66' title='bbox 320 1521 455 1588; x_wconf 82' lang='lat' dir='ltr'><strong>maximi</strong></span> <span class='ocrx_word' id='word_1_67' title='bbox 481 1521 693 1615; x_wconf 82' lang='lat' dir='ltr'><strong>magistratus</strong></span> <span class='ocrx_word' id='word_1_68' title='bbox 717 1519 812 1590; x_wconf 91' lang='lat' dir='ltr'><strong>simul</strong></span> <span class='ocrx_word' id='word_1_69' title='bbox 831 1531 1072 1590; x_wconf 86' lang='lat' dir='ltr'><strong>consueverant</strong></span> <span class='ocrx_word' id='word_1_70' title='bbox 1093 1518 1229 1614; x_wconf 89' lang='lat' dir='ltr'><strong>epulari.</strong></span> <span class='ocrx_word' id='word_1_71' title='bbox 1249 1521 1381 1612; x_wconf 77' lang='lat' dir='ltr'><strong>Magnae</strong></span> 
     </span>
     <span class='ocr_line' id='line_1_11' title="bbox 320 1621 1382 1721; baseline -0.002 -27"><span class='ocrx_word' id='word_1_72' title='bbox 320 1649 407 1719; x_wconf 83' lang='lat' dir='ltr'><strong>soepe</strong></span> <span class='ocrx_word' id='word_1_73' title='bbox 424 1649 476 1694; x_wconf 89' lang='lat' dir='ltr'><strong>res</strong></span> <span class='ocrx_word' id='word_1_74' title='bbox 498 1627 629 1694; x_wconf 84' lang='lat' dir='ltr'><strong>nonita</strong></span> <span class='ocrx_word' id='word_1_75' title='bbox 642 1621 781 1721; x_wconf 64' lang='lat' dir='ltr'><strong>&#39;magnis</strong></span> <span class='ocrx_word' id='word_1_76' title='bbox 803 1628 905 1721; x_wconf 90' lang='lat' dir='ltr'><strong>copiis</strong></span> <span class='ocrx_word' id='word_1_77' title='bbox 923 1641 1001 1696; x_wconf 88' lang='lat' dir='ltr'><strong>sunt</strong></span> <span class='ocrx_word' id='word_1_78' title='bbox 1018 1637 1118 1721; x_wconf 82' lang='lat' dir='ltr'><strong>gestae</strong></span> <span class='ocrx_word' id='word_1_79' title='bbox 1131 1653 1140 1711; x_wconf 91' lang='lat'><strong>;</strong></span> <span class='ocrx_word' id='word_1_80' title='bbox 1155 1623 1213 1694; x_wconf 87' lang='lat' dir='ltr'><strong>sed</strong></span> <span class='ocrx_word' id='word_1_81' title='bbox 1231 1623 1382 1719; x_wconf 86' lang='lat' dir='ltr'><strong>prolecto</strong></span> 
     </span>
     <span class='ocr_line' id='line_1_12' title="bbox 321 1729 1380 1828; baseline -0.003 -28"><span class='ocrx_word' id='word_1_82' title='bbox 321 1755 492 1824; x_wconf 86' lang='lat' dir='ltr'><strong>nunquam</strong></span> <span class='ocrx_word' id='word_1_83' title='bbox 513 1732 555 1799; x_wconf 91' lang='lat' dir='ltr'><strong>ab</strong></span> <span class='ocrx_word' id='word_1_84' title='bbox 571 1746 638 1800; x_wconf 89' lang='lat' dir='ltr'><strong>tam</strong></span> <span class='ocrx_word' id='word_1_85' title='bbox 660 1733 751 1801; x_wconf 90' lang='lat' dir='ltr'><strong>tenui</strong></span> <span class='ocrx_word' id='word_1_86' title='bbox 768 1735 863 1802; x_wconf 89' lang='lat' dir='ltr'><strong>initio</strong></span> <span class='ocrx_word' id='word_1_87' title='bbox 880 1749 980 1802; x_wconf 69' lang='lat' dir='ltr'><strong>tantae</strong></span> <span class='ocrx_word' id='word_1_88' title='bbox 997 1757 1078 1828; x_wconf 90' lang='lat' dir='ltr'><strong>opes</strong></span> <span class='ocrx_word' id='word_1_89' title='bbox 1096 1746 1174 1803; x_wconf 90' lang='lat' dir='ltr'><strong>sunt</strong></span> <span class='ocrx_word' id='word_1_90' title='bbox 1190 1729 1380 1826; x_wconf 74' lang='lat' dir='ltr'><strong>profligatae.</strong></span> 
     </span>
     <span class='ocr_line' id='line_1_13' title="bbox 320 1825 1382 1931; baseline -0.002 -24"><span class='ocrx_word' id='word_1_91' title='bbox 320 1839 409 1907; x_wconf 87' lang='lat' dir='ltr'><strong>Nam</strong></span> <span class='ocrx_word' id='word_1_92' title='bbox 428 1836 602 1908; x_wconf 88' lang='lat' dir='ltr'><strong>duodecim</strong></span> <span class='ocrx_word' id='word_1_93' title='bbox 624 1838 858 1913; x_wconf 87' lang='lat' dir='ltr'><strong>adolescentuli</strong></span> <span class='ocrx_word' id='word_1_94' title='bbox 876 1825 1047 1910; x_wconf 78' lang='lat' dir='ltr'><strong>coierunt³</strong></span> <span class='ocrx_word' id='word_1_95' title='bbox 1068 1865 1109 1909; x_wconf 80' lang='lat' dir='ltr'><strong>ex</strong></span> <span class='ocrx_word' id='word_1_96' title='bbox 1122 1838 1194 1926; x_wconf 90' lang='lat' dir='ltr'><strong>bis,</strong></span> <span class='ocrx_word' id='word_1_97' title='bbox 1210 1837 1266 1931; x_wconf 94' lang='lat' dir='ltr'><strong>qui</strong></span> <span class='ocrx_word' id='word_1_98' title='bbox 1286 1835 1382 1906; x_wconf 83' lang='lat' dir='ltr'><strong>exibo</strong></span> 
     </span>
     <span class='ocr_line' id='line_1_14' title="bbox 321 1943 1382 2041; baseline 0 -29"><span class='ocrx_word' id='word_1_99' title='bbox 321 1957 417 2013; x_wconf 84' lang='lat' dir='ltr'><strong>erunt</strong></span> <span class='ocrx_word' id='word_1_100' title='bbox 435 1943 582 2032; x_wconf 89' lang='lat' dir='ltr'><strong>multati,</strong></span> <span class='ocrx_word' id='word_1_101' title='bbox 596 1966 699 2039; x_wconf 90' lang='lat' dir='ltr'><strong>quum</strong></span> <span class='ocrx_word' id='word_1_102' title='bbox 714 1948 850 2016; x_wconf 89' lang='lat' dir='ltr'><strong>omnino</strong></span> <span class='ocrx_word' id='word_1_103' title='bbox 869 1971 936 2015; x_wconf 90' lang='lat' dir='ltr'><strong>non</strong></span> <span class='ocrx_word' id='word_1_104' title='bbox 949 1961 1059 2016; x_wconf 90' lang='lat' dir='ltr'><strong>essent</strong></span> <span class='ocrx_word' id='word_1_105' title='bbox 1076 1943 1218 2041; x_wconf 89' lang='lat' dir='ltr'><strong>amplius</strong></span> <span class='ocrx_word' id='word_1_106' title='bbox 1230 1957 1382 2026; x_wconf 86' lang='lat' dir='ltr'><strong>centum,</strong></span> 
     </span>
     <span class='ocr_line' id='line_1_15' title="bbox 322 2047 1383 2148; baseline -0.001 -30"><span class='ocrx_word' id='word_1_107' title='bbox 322 2051 379 2144; x_wconf 92' lang='lat' dir='ltr'><strong>qui</strong></span> <span class='ocrx_word' id='word_1_108' title='bbox 401 2065 495 2120; x_wconf 89' lang='lat' dir='ltr'><strong>tanto</strong></span> <span class='ocrx_word' id='word_1_109' title='bbox 518 2077 552 2120; x_wconf 89' lang='lat' dir='ltr'><strong>se</strong></span> <span class='ocrx_word' id='word_1_110' title='bbox 571 2051 731 2122; x_wconf 80' lang='lat' dir='ltr'><strong>offerrent</strong></span> <span class='ocrx_word' id='word_1_111' title='bbox 757 2053 915 2148; x_wconf 92' lang='lat' dir='ltr'><strong>periculo.</strong></span> <span class='ocrx_word' id='word_1_112' title='bbox 938 2054 1014 2142; x_wconf 89' lang='lat' dir='ltr'><strong>Qua</strong></span> <span class='ocrx_word' id='word_1_113' title='bbox 1043 2053 1208 2148; x_wconf 87' lang='lat' dir='ltr'><strong>paucitate</strong></span> <span class='ocrx_word' id='word_1_114' title='bbox 1231 2047 1383 2146; x_wconf 89' lang='lat' dir='ltr'><strong>perculsa</strong></span> 
     </span>
     <span class='ocr_line' id='line_1_16' title="bbox 322 2146 1384 2254; baseline -0.002 -28"><span class='ocrx_word' id='word_1_115' title='bbox 322 2171 372 2226; x_wconf 89' lang='lat' dir='ltr'><strong>est</strong></span> <span class='ocrx_word' id='word_1_116' title='bbox 389 2157 716 2252; x_wconf 75' lang='lat' dir='ltr'><strong>Lacedaemoniorum</strong></span> <span class='ocrx_word' id='word_1_117' title='bbox 741 2146 918 2254; x_wconf 80' lang='lat' dir='ltr'><strong>potentie⁴.</strong></span> <span class='ocrx_word' id='word_1_118' title='bbox 939 2160 984 2228; x_wconf 88' lang='lat' dir='ltr'><strong>Hi</strong></span> <span class='ocrx_word' id='word_1_119' title='bbox 1001 2160 1089 2228; x_wconf 90' lang='lat' dir='ltr'><strong>enim</strong></span> <span class='ocrx_word' id='word_1_120' title='bbox 1109 2181 1178 2226; x_wconf 90' lang='lat' dir='ltr'><strong>non</strong></span> <span class='ocrx_word' id='word_1_121' title='bbox 1195 2157 1301 2251; x_wconf 83' lang='lat' dir='ltr'><strong>magis</strong></span> <span class='ocrx_word' id='word_1_122' title='bbox 1322 2154 1384 2224; x_wconf 90' lang='lat' dir='ltr'><strong>ad·</strong></span> 
     </span>
     <span class='ocr_line' id='line_1_17' title="bbox 323 2249 1383 2362; baseline 0 -32"><span class='ocrx_word' id='word_1_123' title='bbox 323 2267 544 2337; x_wconf 84' lang='lat' dir='ltr'><strong>versariorum</strong></span> <span class='ocrx_word' id='word_1_124' title='bbox 563 2265 713 2349; x_wconf 75' lang='lat' dir='ltr'><strong>factioni,</strong></span> <span class='ocrx_word' id='word_1_125' title='bbox 726 2291 826 2360; x_wconf 85' lang='lat' dir='ltr'><strong>quam</strong></span> <span class='ocrx_word' id='word_1_126' title='bbox 845 2249 1084 2362; x_wconf 78' lang='lat' dir='ltr'><strong>Spartanis⁵eo</strong></span> <span class='ocrx_word' id='word_1_127' title='bbox 1098 2278 1248 2358; x_wconf 89' lang='lat' dir='ltr'><strong>tempore</strong></span> <span class='ocrx_word' id='word_1_128' title='bbox 1261 2259 1383 2330; x_wconf 92' lang='lat' dir='ltr'><strong>bellum</strong></span> 
     </span>
     <span class='ocr_line' id='line_1_18' title="bbox 322 2369 1382 2469; baseline -0.004 -29"><span class='ocrx_word' id='word_1_129' title='bbox 322 2369 526 2460; x_wconf 85' lang='lat' dir='ltr'><strong>intulerunt,</strong></span> <span class='ocrx_word' id='word_1_130' title='bbox 548 2373 604 2466; x_wconf 95' lang='lat' dir='ltr'><strong>qui</strong></span> <span class='ocrx_word' id='word_1_131' title='bbox 631 2373 796 2469; x_wconf 84' lang='lat' dir='ltr'><strong>principes</strong></span> <span class='ocrx_word' id='word_1_132' title='bbox 815 2387 910 2444; x_wconf 88' lang='lat' dir='ltr'><strong>erant</strong></span> <span class='ocrx_word' id='word_1_133' title='bbox 936 2372 1042 2442; x_wconf 56' lang='lat' dir='ltr'><strong>totius*</strong></span> <span class='ocrx_word' id='word_1_134' title='bbox 1065 2371 1202 2440; x_wconf 81' lang='lat' dir='ltr'><strong>Graeciae</strong></span> <span class='ocrx_word' id='word_1_135' title='bbox 1217 2395 1224 2437; x_wconf 95' lang='lat'><strong>:</strong></span> <span class='ocrx_word' id='word_1_136' title='bbox 1241 2393 1382 2464; x_wconf 91' lang='lat' dir='ltr'><strong>quorum</strong></span> 
     </span>
    </p>
   </div>
   <div class='ocr_carea' id='block_1_3' title="bbox 321 2577 1386 4252">
    <p class='ocr_par' dir='ltr' id='par_1_4' title="bbox 321 2577 1386 4252">
     <span class='ocr_line' id='line_1_19' title="bbox 324 2577 1383 2654; baseline -0.005 -18"><span class='ocrx_word' id='word_1_137' title='bbox 324 2580 375 2636; x_wconf 88' lang='lat' dir='ltr'><strong>Sed</strong></span> <span class='ocrx_word' id='word_1_138' title='bbox 391 2581 428 2635; x_wconf 84' lang='lat' dir='ltr'><strong>ita</strong></span> <span class='ocrx_word' id='word_1_139' title='bbox 443 2583 540 2654; x_wconf 76' lang='lat' dir='ltr'><strong>passim</strong></span> <span class='ocrx_word' id='word_1_140' title='bbox 555 2579 700 2636; x_wconf 86' lang='lat' dir='ltr'><strong>deflectunt</strong></span> <span class='ocrx_word' id='word_1_141' title='bbox 714 2595 834 2638; x_wconf 77' lang='lat' dir='ltr'><strong>auctores</strong></span> <span class='ocrx_word' id='word_1_142' title='bbox 876 2597 944 2648; x_wconf 85' lang='lat' dir='ltr'><strong>tem,</strong></span> <span class='ocrx_word' id='word_1_143' title='bbox 962 2599 1045 2654; x_wconf 88' lang='lat' dir='ltr'><strong>quum</strong></span> <span class='ocrx_word' id='word_1_144' title='bbox 1064 2581 1094 2634; x_wconf 87' lang='lat' dir='ltr'><strong>in</strong></span> <span class='ocrx_word' id='word_1_145' title='bbox 1114 2577 1257 2652; x_wconf 83' lang='lat' dir='ltr'><strong>Pelopida,</strong></span> <span class='ocrx_word' id='word_1_146' title='bbox 1272 2592 1331 2632; x_wconf 83' lang='lat' dir='ltr'><strong>tum</strong></span> <span class='ocrx_word' id='word_1_147' title='bbox 1355 2579 1383 2633; x_wconf 83' lang='lat' dir='ltr'><strong>in</strong></span> 
     </span>
     <span class='ocr_line' id='line_1_20' title="bbox 324 2660 1384 2734; baseline -0.002 -18"><span class='ocrx_word' id='word_1_148' title='bbox 324 2677 351 2716; x_wconf 87' lang='lat' dir='ltr'><strong>et</strong></span> <span class='ocrx_word' id='word_1_149' title='bbox 361 2661 438 2720; x_wconf 85' lang='lat' dir='ltr'><strong>latini</strong></span> <span class='ocrx_word' id='word_1_150' title='bbox 452 2675 478 2716; x_wconf 87' lang='lat' dir='ltr'><strong>et</strong></span> <span class='ocrx_word' id='word_1_151' title='bbox 491 2663 577 2734; x_wconf 70' lang='lat' dir='ltr'><strong>greci.</strong></span> <span class='ocrx_word' id='word_1_152' title='bbox 589 2661 649 2716; x_wconf 86' lang='lat' dir='ltr'><strong>Tas.</strong></span> <span class='ocrx_word' id='word_1_153' title='bbox 876 2663 963 2728; x_wconf 73' lang='lat' dir='ltr'><strong>Genio</strong></span> <span class='ocrx_word' id='word_1_154' title='bbox 974 2661 1101 2726; x_wconf 70' lang='lat' dir='ltr'><strong>Somnus,</strong></span> <span class='ocrx_word' id='word_1_155' title='bbox 1111 2661 1238 2716; x_wconf 65' lang='lat' dir='ltr'><strong>mammos</strong></span> <span class='ocrx_word' id='word_1_156' title='bbox 1248 2660 1384 2732; x_wconf 68' lang='lat' dir='ltr'><strong>magistra·</strong></span> 
     </span>
     <span class='ocr_line' id='line_1_21' title="bbox 365 2738 1384 2816; baseline -0.005 -19"><span class='ocrx_word' id='word_1_157' title='bbox 365 2743 430 2797; x_wconf 74' lang='lat' dir='ltr'><strong>Car.</strong></span> <span class='ocrx_word' id='word_1_158' title='bbox 449 2743 485 2794; x_wconf 88' lang='grc' dir='ltr'><strong>ΙΙ.</strong></span> <span class='ocrx_word' id='word_1_159' title='bbox 510 2760 534 2795; x_wconf 82' lang='grc' dir='ltr'><strong>ι.</strong></span> <span class='ocrx_word' id='word_1_160' title='bbox 552 2741 603 2795; x_wconf 81' lang='lat' dir='ltr'><strong>Sed</strong></span> <span class='ocrx_word' id='word_1_161' title='bbox 617 2755 790 2816; x_wconf 63' lang='lat' dir='ltr'><strong>ut„,quemque</strong></span> <span class='ocrx_word' id='word_1_162' title='bbox 804 2763 834 2796; x_wconf 74' lang='lat' dir='ltr'><strong>ee</strong></span> <span class='ocrx_word' id='word_1_163' title='bbox 876 2755 919 2796; x_wconf 86' lang='lat' dir='ltr'><strong>tus</strong></span> <span class='ocrx_word' id='word_1_164' title='bbox 933 2738 1096 2815; x_wconf 83' lang='lat' dir='ltr'><strong>ePhyllida,</strong></span> <span class='ocrx_word' id='word_1_165' title='bbox 1106 2759 1199 2794; x_wconf 87' lang='lat' dir='ltr'><strong>eorum</strong></span> <span class='ocrx_word' id='word_1_166' title='bbox 1209 2739 1311 2807; x_wconf 62' lang='lat' dir='ltr'><strong>salba,</strong></span> <span class='ocrx_word' id='word_1_167' title='bbox 1322 2757 1384 2794; x_wconf 86' lang='lat' dir='ltr'><strong>oon·</strong></span> 
     </span>
     <span class='ocr_line' id='line_1_22' title="bbox 321 2821 1192 2896; baseline 0.002 -20"><span class='ocrx_word' id='word_1_168' title='bbox 321 2825 495 2893; x_wconf 66' lang='lat' dir='ltr'><strong>proeiumetc.</strong></span> <span class='ocrx_word' id='word_1_169' title='bbox 503 2821 576 2888; x_wconf 79' lang='lat' dir='ltr'><strong>scil,</strong></span> <span class='ocrx_word' id='word_1_170' title='bbox 583 2835 624 2887; x_wconf 90' lang='lat' dir='ltr'><strong>ut,</strong></span> <span class='ocrx_word' id='word_1_171' title='bbox 633 2841 712 2894; x_wconf 80' lang='lat' dir='ltr'><strong>quam</strong></span> <span class='ocrx_word' id='word_1_172' title='bbox 718 2822 833 2896; x_wconf 83' lang='lat' dir='ltr'><strong>primam</strong></span> <span class='ocrx_word' id='word_1_173' title='bbox 875 2823 947 2876; x_wconf 74' lang='lat' dir='ltr'><strong>visio</strong></span> <span class='ocrx_word' id='word_1_174' title='bbox 959 2832 1082 2892; x_wconf 79' lang='lat' dir='ltr'><strong>exceptos</strong></span> <span class='ocrx_word' id='word_1_175' title='bbox 1094 2832 1192 2878; x_wconf 78' lang='lat' dir='ltr'><strong>narrat.</strong></span> 
     </span>
     <span class='ocr_line' id='line_1_23' title="bbox 325 2899 1382 2968; baseline -0.005 -12"><span class='ocrx_word' id='word_1_176' title='bbox 325 2903 489 2956; x_wconf 78' lang='lat' dir='ltr'><strong>occasionem</strong></span> <span class='ocrx_word' id='word_1_177' title='bbox 503 2903 607 2956; x_wconf 76' lang='lat' dir='ltr'><strong>lornano</strong></span> <span class='ocrx_word' id='word_1_178' title='bbox 621 2901 789 2968; x_wconf 82' lang='lat' dir='ltr'><strong>dedisset,ea</strong></span> <span class='ocrx_word' id='word_1_179' title='bbox 800 2900 834 2956; x_wconf 81' lang='lat' dir='ltr'><strong>ad</strong></span> <span class='ocrx_word' id='word_1_180' title='bbox 918 2899 1261 2958; x_wconf 60' lang='lat' dir='ltr'><strong>emendamus·</strong></span> <span class='ocrx_word' id='word_1_181' title='bbox 1269 2901 1382 2952; x_wconf 61' lang='lat' dir='ltr'><strong>mutuat.</strong></span> 
     </span>
     <span class='ocr_line' id='line_1_24' title="bbox 324 2976 1384 3054; baseline -0.003 -19"><span class='ocrx_word' id='word_1_182' title='bbox 324 2983 436 3054; x_wconf 77' lang='lat' dir='ltr'><strong>patriam</strong></span> <span class='ocrx_word' id='word_1_183' title='bbox 447 2981 654 3053; x_wconf 77' lang='lat' dir='ltr'><strong>temperandam</strong></span> <span class='ocrx_word' id='word_1_184' title='bbox 666 2994 813 3036; x_wconf 78' lang='lat' dir='ltr'><strong>uterentur.</strong></span> <span class='ocrx_word' id='word_1_185' title='bbox 876 2980 909 3034; x_wconf 87' lang='lat' dir='ltr'><strong>ld</strong></span> <span class='ocrx_word' id='word_1_186' title='bbox 922 2993 975 3044; x_wconf 84' lang='lat' dir='ltr'><strong>est,</strong></span> <span class='ocrx_word' id='word_1_187' title='bbox 993 2980 1188 3052; x_wconf 84' lang='lat' dir='ltr'><strong>oonspiraruat.</strong></span> <span class='ocrx_word' id='word_1_188' title='bbox 1210 2979 1335 3044; x_wconf 81' lang='lat' dir='ltr'><strong>Quorum</strong></span> <span class='ocrx_word' id='word_1_189' title='bbox 1349 2976 1384 3032; x_wconf 88' lang='lat' dir='ltr'><strong>de</strong></span> 
     </span>
     <span class='ocr_line' id='line_1_25' title="bbox 367 3059 1384 3132; baseline -0.003 -18"><span class='ocrx_word' id='word_1_190' title='bbox 367 3079 394 3116; x_wconf 78' lang='lat' dir='ltr'><strong>s.</strong></span> <span class='ocrx_word' id='word_1_191' title='bbox 407 3061 577 3116; x_wconf 76' lang='lat' dir='ltr'><strong>Communiter.</strong></span> <span class='ocrx_word' id='word_1_192' title='bbox 591 3062 734 3116; x_wconf 86' lang='lat' dir='ltr'><strong>Communi</strong></span> <span class='ocrx_word' id='word_1_193' title='bbox 746 3061 833 3115; x_wconf 87' lang='lat' dir='ltr'><strong>consi·</strong></span> <span class='ocrx_word' id='word_1_194' title='bbox 875 3081 988 3117; x_wconf 85' lang='lat' dir='ltr'><strong>nurnero</strong></span> <span class='ocrx_word' id='word_1_195' title='bbox 998 3078 1060 3116; x_wconf 84' lang='lat' dir='ltr'><strong>cum</strong></span> <span class='ocrx_word' id='word_1_196' title='bbox 1071 3061 1175 3132; x_wconf 81' lang='lat' dir='ltr'><strong>Nepote</strong></span> <span class='ocrx_word' id='word_1_197' title='bbox 1183 3059 1314 3114; x_wconf 81' lang='lat' dir='ltr'><strong>consentit</strong></span> <span class='ocrx_word' id='word_1_198' title='bbox 1320 3059 1384 3112; x_wconf 85' lang='lat' dir='ltr'><strong>Plu·</strong></span> 
     </span>
     <span class='ocr_line' id='line_1_26' title="bbox 325 3137 1383 3212; baseline 0 -20"><span class='ocrx_word' id='word_1_199' title='bbox 325 3141 372 3194; x_wconf 92' lang='lat' dir='ltr'><strong>lio.</strong></span> <span class='ocrx_word' id='word_1_200' title='bbox 380 3141 455 3194; x_wconf 81' lang='lat' dir='ltr'><strong>Hanc</strong></span> <span class='ocrx_word' id='word_1_201' title='bbox 466 3159 557 3196; x_wconf 74' lang='lat' dir='ltr'><strong>vocem</strong></span> <span class='ocrx_word' id='word_1_202' title='bbox 567 3141 696 3212; x_wconf 87' lang='lat' dir='ltr'><strong>inprimis</strong></span> <span class='ocrx_word' id='word_1_203' title='bbox 707 3139 833 3197; x_wconf 83' lang='lat' dir='ltr'><strong>adbibere</strong></span> <span class='ocrx_word' id='word_1_204' title='bbox 876 3141 991 3196; x_wconf 77' lang='lat' dir='ltr'><strong>tarcbue.</strong></span> <span class='ocrx_word' id='word_1_205' title='bbox 1005 3139 1157 3212; x_wconf 84' lang='lat' dir='ltr'><strong>Xenophon</strong></span> <span class='ocrx_word' id='word_1_206' title='bbox 1172 3157 1236 3196; x_wconf 75' lang='lat' dir='ltr'><strong>vero</strong></span> <span class='ocrx_word' id='word_1_207' title='bbox 1254 3157 1300 3194; x_wconf 79' lang='lat' dir='ltr'><strong>sex</strong></span> <span class='ocrx_word' id='word_1_208' title='bbox 1313 3137 1383 3205; x_wconf 77' lang='lat' dir='ltr'><strong>dup-</strong></span> 
     </span>
     <span class='ocr_line' id='line_1_27' title="bbox 326 3217 1383 3291; baseline -0.001 -19"><span class='ocrx_word' id='word_1_209' title='bbox 326 3219 393 3273; x_wconf 82' lang='lat' dir='ltr'><strong>solet</strong></span> <span class='ocrx_word' id='word_1_210' title='bbox 400 3219 493 3274; x_wconf 80' lang='lat' dir='ltr'><strong>Cicero</strong></span> <span class='ocrx_word' id='word_1_211' title='bbox 502 3239 508 3274; x_wconf 92' lang='lat'>:</span> <span class='ocrx_word' id='word_1_212' title='bbox 518 3245 529 3268; x_wconf 87' lang='grc' dir='ltr'>ι</span> <span class='ocrx_word' id='word_1_213' title='bbox 538 3218 833 3291; x_wconf 79' lang='lat' dir='ltr'><strong>Conscripseruntoom·</strong></span> <span class='ocrx_word' id='word_1_214' title='bbox 875 3234 946 3275; x_wconf 83' lang='lat' dir='ltr'><strong>taxat</strong></span> <span class='ocrx_word' id='word_1_215' title='bbox 956 3220 1046 3276; x_wconf 77' lang='lat' dir='ltr'><strong>exules</strong></span> <span class='ocrx_word' id='word_1_216' title='bbox 1057 3220 1137 3274; x_wconf 79' lang='lat' dir='ltr'><strong>fuisse</strong></span> <span class='ocrx_word' id='word_1_217' title='bbox 1150 3217 1303 3276; x_wconf 71' lang='lat' dir='ltr'><strong>traditum</strong></span> <span class='ocrx_word' id='word_1_218' title='bbox 1315 3217 1383 3272; x_wconf 74' lang='lat' dir='ltr'><strong>ttet-</strong></span> 
     </span>
     <span class='ocr_line' id='line_1_28' title="bbox 325 3297 1228 3374; baseline 0.004 -22"><span class='ocrx_word' id='word_1_219' title='bbox 325 3299 442 3353; x_wconf 85' lang='lat' dir='ltr'><strong>muniter</strong></span> <span class='ocrx_word' id='word_1_220' title='bbox 448 3297 755 3372; x_wconf 67' lang='lat' dir='ltr'><strong>edictumpidque,quod</strong></span> <span class='ocrx_word' id='word_1_221' title='bbox 763 3319 834 3354; x_wconf 87' lang='lat' dir='ltr'><strong>com-</strong></span> <span class='ocrx_word' id='word_1_222' title='bbox 875 3301 950 3368; x_wconf 86' lang='lat' dir='ltr'><strong>lone,</strong></span> <span class='ocrx_word' id='word_1_223' title='bbox 961 3300 1010 3374; x_wconf 89' lang='lat' dir='ltr'><strong>qui</strong></span> <span class='ocrx_word' id='word_1_224' title='bbox 1022 3311 1080 3356; x_wconf 78' lang='lat' dir='ltr'><strong>eret</strong></span> <span class='ocrx_word' id='word_1_225' title='bbox 1091 3299 1228 3372; x_wconf 73' lang='lat' dir='ltr'><strong>septimus</strong></span> 
     </span>
     <span class='ocr_line' id='line_1_29' title="bbox 325 3379 1386 3451; baseline 0 -19"><span class='ocrx_word' id='word_1_226' title='bbox 325 3379 442 3432; x_wconf 78' lang='lat' dir='ltr'><strong>munitor</strong></span> <span class='ocrx_word' id='word_1_227' title='bbox 458 3380 636 3451; x_wconf 83' lang='lat' dir='ltr'><strong>compositum</strong></span> <span class='ocrx_word' id='word_1_228' title='bbox 649 3380 751 3446; x_wconf 78' lang='lat' dir='ltr'><strong>luerat,</strong></span> <span class='ocrx_word' id='word_1_229' title='bbox 762 3382 833 3436; x_wconf 81' lang='lat' dir='ltr'><strong>solus</strong></span> <span class='ocrx_word' id='word_1_230' title='bbox 917 3379 1386 3450; x_wconf 72' lang='lat' dir='ltr'><strong>4.Pereulaaestlaeedoemr‘omnpe·</strong></span> 
     </span>
     <span class='ocr_line' id='line_1_30' title="bbox 325 3456 1386 3530; baseline -0.004 -16"><span class='ocrx_word' id='word_1_231' title='bbox 325 3456 416 3514; x_wconf 82' lang='lat' dir='ltr'><strong>edixit.</strong></span> <span class='ocrx_word' id='word_1_232' title='bbox 428 3483 440 3506; x_wconf 72' lang='lat' dir='ltr'><strong>n</strong></span> <span class='ocrx_word' id='word_1_233' title='bbox 455 3459 495 3511; x_wconf 85' lang='lat' dir='ltr'><strong>De</strong></span> <span class='ocrx_word' id='word_1_234' title='bbox 505 3458 583 3512; x_wconf 85' lang='lat' dir='ltr'><strong>Offic.</strong></span> <span class='ocrx_word' id='word_1_235' title='bbox 595 3461 636 3512; x_wconf 90' lang='lat'><strong>111</strong></span> <span class='ocrx_word' id='word_1_236' title='bbox 645 3499 653 3526; x_wconf 92' lang='lat'><strong>,</strong></span> <span class='ocrx_word' id='word_1_237' title='bbox 661 3478 697 3512; x_wconf 80' lang='lat' dir='ltr'><strong>ao</strong></span> <span class='ocrx_word' id='word_1_238' title='bbox 708 3477 715 3514; x_wconf 74' lang='grc' dir='ltr'>ι</span> <span class='ocrx_word' id='word_1_239' title='bbox 727 3487 738 3508; x_wconf 85' lang='grc' dir='ltr'>ι</span> <span class='ocrx_word' id='word_1_240' title='bbox 753 3461 830 3518; x_wconf 78' lang='lat' dir='ltr'><strong>boso.</strong></span> <span class='ocrx_word' id='word_1_241' title='bbox 877 3466 961 3516; x_wconf 71' lang='lat' dir='ltr'><strong>tenda.</strong></span> <span class='ocrx_word' id='word_1_242' title='bbox 969 3460 1038 3514; x_wconf 80' lang='lat' dir='ltr'><strong>llam</strong></span> <span class='ocrx_word' id='word_1_243' title='bbox 1046 3456 1386 3530; x_wconf 76' lang='lat' dir='ltr'><strong>bellum,qnodSpertedi·</strong></span> 
     </span>
     <span class='ocr_line' id='line_1_31' title="bbox 325 3535 1384 3614; baseline -0.002 -22"><span class='ocrx_word' id='word_1_244' title='bbox 325 3539 415 3593; x_wconf 84' lang='lat' dir='ltr'><strong>omnia</strong></span> <span class='ocrx_word' id='word_1_245' title='bbox 434 3556 497 3593; x_wconf 82' lang='lat' dir='ltr'><strong>cum</strong></span> <span class='ocrx_word' id='word_1_246' title='bbox 514 3539 690 3611; x_wconf 74' lang='lat' dir='ltr'><strong>Chrysogono</strong></span> <span class='ocrx_word' id='word_1_247' title='bbox 713 3558 833 3596; x_wconf 84' lang='lat' dir='ltr'><strong>comma·</strong></span> <span class='ocrx_word' id='word_1_248' title='bbox 875 3535 1384 3614; x_wconf 60' lang='lat' dir='ltr'><strong>gnintemaomajeautembegitquod·</strong></span> 
     </span>
     <span class='ocr_line' id='line_1_32' title="bbox 325 3617 1382 3694; baseline -0.004 -20"><span class='ocrx_word' id='word_1_249' title='bbox 325 3618 396 3676; x_wconf 89' lang='lat' dir='ltr'><strong>niter</strong></span> <span class='ocrx_word' id='word_1_250' title='bbox 416 3617 542 3690; x_wconf 83' lang='lat' dir='ltr'><strong>possidet.</strong></span> <span class='ocrx_word' id='word_1_251' title='bbox 556 3645 568 3666; x_wconf 75' lang='grc' dir='ltr'><strong><em>ι</em></strong></span> <span class='ocrx_word' id='word_1_252' title='bbox 584 3619 645 3678; x_wconf 81' lang='lat' dir='ltr'><strong>,Pro</strong></span> <span class='ocrx_word' id='word_1_253' title='bbox 666 3621 742 3673; x_wconf 83' lang='lat' dir='ltr'><strong>Rosc.</strong></span> <span class='ocrx_word' id='word_1_254' title='bbox 772 3623 833 3678; x_wconf 80' lang='lat' dir='ltr'><strong>Am.</strong></span> <span class='ocrx_word' id='word_1_255' title='bbox 875 3639 927 3694; x_wconf 85' lang='lat' dir='ltr'><strong>que</strong></span> <span class='ocrx_word' id='word_1_256' title='bbox 943 3619 1155 3675; x_wconf 72' lang='lat' dir='ltr'><strong>Lacedaemonios</strong></span> <span class='ocrx_word' id='word_1_257' title='bbox 1171 3618 1252 3672; x_wconf 82' lang='lat' dir='ltr'><strong>maris</strong></span> <span class='ocrx_word' id='word_1_258' title='bbox 1266 3629 1294 3671; x_wconf 86' lang='lat' dir='ltr'><strong>et</strong></span> <span class='ocrx_word' id='word_1_259' title='bbox 1307 3623 1382 3670; x_wconf 68' lang='lat' dir='ltr'><strong>terre</strong></span> 
     </span>
     <span class='ocr_line' id='line_1_33' title="bbox 325 3695 1382 3773; baseline -0.005 -20"><span class='ocrx_word' id='word_1_260' title='bbox 325 3695 834 3773; x_wconf 78' lang='lat' dir='ltr'><strong>XXXVll.-Eum.(diemscil.)‚quo</strong></span> <span class='ocrx_word' id='word_1_261' title='bbox 875 3701 988 3773; x_wconf 87' lang='lat' dir='ltr'><strong>imperio</strong></span> <span class='ocrx_word' id='word_1_262' title='bbox 997 3699 1171 3772; x_wconf 55' lang='lat' dir='ltr'><strong>spolieriuex</strong></span> <span class='ocrx_word' id='word_1_263' title='bbox 1181 3699 1382 3766; x_wconf 64' lang='lat' dir='ltr'><strong>illnoceeqm</strong></span> 
     </span>
     <span class='ocr_line' id='line_1_34' title="bbox 325 3775 1381 3850; baseline 0 -18"><span class='ocrx_word' id='word_1_264' title='bbox 325 3781 834 3850; x_wconf 67' lang='lat' dir='ltr'><strong>mammimgisoutm...Qosmremfuse</strong></span> <span class='ocrx_word' id='word_1_265' title='bbox 875 3781 904 3836; x_wconf 87' lang='lat' dir='ltr'><strong>bi</strong></span> <span class='ocrx_word' id='word_1_266' title='bbox 921 3778 1062 3841; x_wconf 87' lang='lat' dir='ltr'><strong>duodecim</strong></span> <span class='ocrx_word' id='word_1_267' title='bbox 1076 3783 1185 3850; x_wconf 69' lang='lat' dir='ltr'><strong>juvem</strong></span> <span class='ocrx_word' id='word_1_268' title='bbox 1205 3775 1324 3832; x_wconf 75' lang='lat' dir='ltr'><strong>&#39;I&#39;boboni</strong></span> <span class='ocrx_word' id='word_1_269' title='bbox 1338 3787 1381 3845; x_wconf 81' lang='lat' dir='ltr'><strong>ty·</strong></span> 
     </span>
     <span class='ocr_line' id='line_1_35' title="bbox 324 3858 1382 3932; baseline -0.004 -20"><span class='ocrx_word' id='word_1_270' title='bbox 324 3869 415 3914; x_wconf 79' lang='lat' dir='ltr'><strong>nerrat</strong></span> <span class='ocrx_word' id='word_1_271' title='bbox 427 3859 597 3932; x_wconf 84' lang='lat' dir='ltr'><strong>Xenophon,</strong></span> <span class='ocrx_word' id='word_1_272' title='bbox 611 3858 645 3913; x_wconf 83' lang='lat' dir='ltr'><strong>de</strong></span> <span class='ocrx_word' id='word_1_273' title='bbox 665 3861 732 3914; x_wconf 76' lang='lat' dir='ltr'><strong>nes.</strong></span> <span class='ocrx_word' id='word_1_274' title='bbox 746 3861 832 3916; x_wconf 69' lang='lat' dir='ltr'><strong>Grec.</strong></span> <span class='ocrx_word' id='word_1_275' title='bbox 875 3879 973 3916; x_wconf 77' lang='lat' dir='ltr'><strong>rennos</strong></span> <span class='ocrx_word' id='word_1_276' title='bbox 996 3869 1200 3932; x_wconf 60' lang='lat' dir='ltr'><strong>oppresserunt,</strong></span> <span class='ocrx_word' id='word_1_277' title='bbox 1219 3867 1310 3912; x_wconf 77' lang='lat' dir='ltr'><strong>natum</strong></span> <span class='ocrx_word' id='word_1_278' title='bbox 1332 3865 1382 3908; x_wconf 86' lang='lat' dir='ltr'><strong>est.</strong></span> 
     </span>
     <span class='ocr_line' id='line_1_36' title="bbox 325 3935 1383 4013; baseline -0.002 -24"><span class='ocrx_word' id='word_1_279' title='bbox 325 3939 367 4004; x_wconf 90' lang='lat' dir='ltr'><strong>V,</strong></span> <span class='ocrx_word' id='word_1_280' title='bbox 386 3947 437 4004; x_wconf 69' lang='lat'><strong>14,</strong></span> <span class='ocrx_word' id='word_1_281' title='bbox 453 3940 541 4013; x_wconf 81' lang='lat' dir='ltr'><strong>aitque</strong></span> <span class='ocrx_word' id='word_1_282' title='bbox 567 3959 629 3994; x_wconf 90' lang='lat' dir='ltr'><strong>eum</strong></span> <span class='ocrx_word' id='word_1_283' title='bbox 651 3939 722 3994; x_wconf 87' lang='lat' dir='ltr'><strong>diem</strong></span> <span class='ocrx_word' id='word_1_284' title='bbox 738 3941 833 4006; x_wconf 82' lang='lat' dir='ltr'><strong>luisse,</strong></span> <span class='ocrx_word' id='word_1_285' title='bbox 876 3941 918 3997; x_wconf 90' lang='lat' dir='ltr'><strong>Sic</strong></span> <span class='ocrx_word' id='word_1_286' title='bbox 933 3935 1302 4010; x_wconf 78' lang='lat' dir='ltr'><strong>Plutarchus,l&#39;elopide,et</strong></span> <span class='ocrx_word' id='word_1_287' title='bbox 1316 3935 1383 3988; x_wconf 85' lang='lat' dir='ltr'><strong>Dio-</strong></span> 
     </span>
     <span class='ocr_line' id='line_1_37' title="bbox 324 4020 1181 4089; baseline 0.001 -19"><span class='ocrx_word' id='word_1_288' title='bbox 324 4036 377 4089; x_wconf 92' lang='lat' dir='ltr'><strong>quo</strong></span> <span class='ocrx_word' id='word_1_289' title='bbox 395 4021 509 4074; x_wconf 86' lang='lat' dir='ltr'><strong>Veneris</strong></span> <span class='ocrx_word' id='word_1_290' title='bbox 525 4021 705 4076; x_wconf 78' lang='lat' dir='ltr'><strong>celebrabatur</strong></span> <span class='ocrx_word' id='word_1_291' title='bbox 720 4021 833 4087; x_wconf 76' lang='lat' dir='ltr'><strong>festum,</strong></span> <span class='ocrx_word' id='word_1_292' title='bbox 876 4020 973 4088; x_wconf 82' lang='lat' dir='ltr'><strong>doras,</strong></span> <span class='ocrx_word' id='word_1_293' title='bbox 987 4021 1050 4074; x_wconf 83' lang='lat' dir='ltr'><strong>XV.</strong></span> <span class='ocrx_word' id='word_1_294' title='bbox 1060 4021 1181 4075; x_wconf 68' lang='lat' dir='ltr'><strong>naurs.</strong></span> 
     </span>
     <span class='ocr_line' id='line_1_38' title="bbox 324 4094 1383 4174; baseline -0.005 -21"><span class='ocrx_word' id='word_1_295' title='bbox 324 4101 833 4174; x_wconf 82' lang='lat' dir='ltr'><strong>quoquesuamPolemarcbiimperium</strong></span> <span class='ocrx_word' id='word_1_296' title='bbox 917 4094 1383 4172; x_wconf 62' lang='lat' dir='ltr'><strong>sommouicsomemune·</strong></span> 
     </span>
     <span class='ocr_line' id='line_1_39' title="bbox 325 4175 1385 4252; baseline -0.002 -22"><span class='ocrx_word' id='word_1_297' title='bbox 325 4175 457 4252; x_wconf 85' lang='lat' dir='ltr'><strong>deponere</strong></span> <span class='ocrx_word' id='word_1_298' title='bbox 471 4181 599 4237; x_wconf 80' lang='lat' dir='ltr'><strong>solebant.</strong></span> <span class='ocrx_word' id='word_1_299' title='bbox 610 4182 772 4236; x_wconf 73' lang='lat' dir='ltr'><strong>Plutarchus</strong></span> <span class='ocrx_word' id='word_1_300' title='bbox 786 4197 833 4236; x_wconf 60' lang='lat' dir='ltr'><strong>er»</strong></span> <span class='ocrx_word' id='word_1_301' title='bbox 876 4182 949 4248; x_wconf 82' lang='lat' dir='ltr'><strong>bant,</strong></span> <span class='ocrx_word' id='word_1_302' title='bbox 955 4179 1224 4252; x_wconf 78' lang='lat' dir='ltr'><strong>benequelaotionem</strong></span> <span class='ocrx_word' id='word_1_303' title='bbox 1232 4177 1385 4232; x_wconf 65' lang='lat' dir='ltr'><strong>mbentm.</strong></span> 
     </span>
    </p>
   </div>
   <div class='ocr_carea' id='block_1_4' title="bbox 0 0 1637 5134">
    <p class='ocr_par' dir='ltr' id='par_1_5' title="bbox 0 0 1637 5134">
     <span class='ocr_line' id='line_1_40' title="bbox 0 0 1637 5134; baseline 0 0"><span class='ocrx_word' id='word_1_304' title='bbox 0 0 1637 5134; x_wconf 95' lang='lat' dir='ltr'><strong> </strong></span> 
     </span>
    </p>
   </div>
  </div>
 </body>
</html>
