3284 5150
391 505 463 578 262
655 501 920 576 CORNELII
947 503 1177 572 NEPOTIS

389 651 493 708 taret:
508 665 526 702 a
536 634 628 722 Noli,
639 659 699 705 oro
713 649 746 706 te
757 689 767 721 ,
780 638 885 729 inquit
898 636 1116 729 Pomponius,
1135 633 1310 703 adversum
1323 659 1381 704 eos
1395 659 1453 704 me

390 742 474 812 velle
507 741 646 828 ducere,
670 765 746 814 cum
770 741 889 835 quibus
917 763 959 810 ne
989 753 1104 810 contra
1132 755 1166 808 te
1191 764 1283 809 anna
1309 740 1453 829 ferrern,

391 848 519 918 ltaliam
532 848 687 942 reliqui.»
703 851 746 916 At
761 845 866 932 Sulla,
875 845 1090 916 adolescentis
1105 845 1235 916 officio⁷
1246 843 1453 932 collaudato,

391 956 500 1025 omnia
531 977 667 1024 munera
688 955 737 1040 ei,
765 977 838 1047 quae
859 953 997 1022 Athenis
1023 967 1211 1046 acceperat,
1237 952 1453 1047 proficiscens

387 1061 483 1156 jussit
498 1061 627 1130 deferri.
645 1061 707 1129 Hic
728 1051 914 1154 complures
932 1081 1036 1128 anuos
1053 1073 1219 1142 moratus,
1241 1085 1342 1152 quum
1358 1073 1390 1128 et
1403 1060 1454 1127 nei

391 1165 542 1236 familiari
565 1179 694 1235 tautum
720 1189 830 1259 operae
858 1164 967 1250 daret,
997 1178 1157 1258 quantum
1186 1189 1252 1233 non
1278 1162 1453 1258 indiligens

391 1271 527 1343 deberet
543 1285 638 1366 pater
650 1270 802 1357 familiam
815 1285 847 1339 et
860 1272 970 1338 omnia
987 1269 1111 1364 reliqua
1128 1284 1279 1364 tempora
1290 1285 1347 1339 aut
1364 1269 1452 1339 litte-

392 1380 452 1464 τίς,
473 1392 531 1446 aut
555 1377 803 1446 Atheniensium
826 1375 1013 1469 reipublicae
1033 1375 1217 1445 tribueret:
1239 1375 1452 1446 nihilominus

390 1487 505 1553 amicis
518 1482 645 1552 urbana
663 1483 774 1551 officia
788 1484 946 1575 prestitit.
964 1484 1050 1550 Nam
1064 1495 1097 1550 et
1115 1481 1156 1551 ad
1169 1468 1320 1551 comitia⁸
1335 1507 1451 1551 eorum

393 1591 581 1675 ventitavit3
593 1604 644 1670 ct,
664 1590 693 1656 si
712 1613 776 1681 qua
794 1613 844 1656 res
859 1589 965 1682 major
978 1602 1052 1656 aeta
1066 1603 1131 1676 est,
1146 1611 1213 1656 non
1226 1587 1339 1658 dehrit.
1359 1589 1454 1657 Sicut

393 1695 547 1765 Ciceroni
561 1696 595 1764 in
615 1693 770 1763 omnibus
784 1695 853 1788 ejus
871 1691 1023 1787 periculis
1037 1693 1234 1789 singularem
1254 1693 1353 1763 lidein
1368 1719 1452 1787 prae·

394 1801 466 1870 buit
481 1825 488 1868 :
504 1803 558 1869 cui
577 1824 617 1868 ex
637 1802 742 1893 patria
762 1798 916 1895 fugienti⁹
933 1801 1116 1868 sestertium
1135 1799 1278 1869 ducenta
1298 1815 1332 1868 et
1352 1801 1452 1894 quin-

394 1908 551 2002 quaginta
571 1903 670 1974 millia
696 1903 840 1974 donavit.
862 1904 1092 1998 Tranquillatis
1121 1919 1230 1974 autem
1259 1906 1358 1976 rebus
1379 1907 1452 1974 Ro-

394 2010 545 2097 manis¹⁰,
577 2013 768 2106 remigravit
804 2012 962 2097 Romam,
989 2027 1027 2080 ut
1060 2013 1198 2105 opinor,
1225 2013 1263 2081 L.
1294 2014 1393 2082 Cotta
1420 2025 1455 2080 et

396 2119 433 2188 L.
455 2119 626 2212 Torquato
643 2121 735 2187 Coss.
751 2143 760 2201 ς
774 2141 871 2210 quem
886 2117 971 2186 diem
990 2119 1036 2186 sio
1050 2119 1201 2186 universa
1219 2119 1335 2188 civitas
1351 2117 1453 2186 Athe·

394 2224 556 2294 niensium
579 2238 754 2317 prosecuto
775 2238 844 2311 est,
862 2228 907 2292 ut'
917 2222 1068 2317 lacrymis
1093 2222 1244 2292 desiderii
1263 2223 1366 2292 htturi
1388 2222 1452 2292 do·

396 2328 499 2398 lorem
522 2328 690 2398 indicaret.

449 2437 490 2502 V.
514 2434 666 2504 Habebat
687 2433 887 2504 avunculum
902 2435 944 2524 Q.
962 2434 1147 2519 Caeeilium,
1168 2435 1310 2528 equitem
1331 2435 1452 2504 Roma·

397 2565 498 2628 num,
512 2539 703 2611 familiarem
719 2543 756 2611 L.
777 2539 936 2626 Luculli¹‚
955 2539 1107 2627 divitem,
1120 2538 1312 2610 difficillima
1326 2555 1452 2610 natura.

397 2638 502 2741 Cujus
522 2649 568 2740 sic
588 2649 797 2742 asperitatem
820 2649 942 2716 veritus
962 2644 1044 2734 est¹,
1062 2662 1117 2733 ut,
1135 2671 1233 2742 quem
1252 2673 1351 2718 nemo
1368 2647 1455 2718 ferre

398 2875 523 2929 tentaret,
539 2877 570 2917 ut
581 2881 669 2917 aecum
684 2861 902 2934 proficisceremur.
948 2861 1008 2916 (lem
1019 2863 1054 2916 V.
1065 2865 1095 2916 C.
1105 2863 1324 2935 latrorure‚opere
1338 2862 1454 2918 laudato.

399 2977 440 2989 -
450 2945 503 2998 Oro
515 2955 544 2996 te.
556 2942 755 3015 Interponitur,
767 2955 797 2995 ut
807 2963 902 3016 quaeso,
991 2961 1035 2995 ro.
1052 2943 1224 3014 Tranquillum
1235 2955 1312 2994 eutem
1326 2943 1393 2995 rebus
1404 2945 1456 2996 Ro·

400 3023 493 3076 amabo.
510 3029 567 3076 Tza.
581 3055 622 3065 -
641 3023 737 3076 Nota...
759 3023 828 3075 aselle.
852 3024 905 3075 Pro
948 3025 1032 3074 manis.
1059 3021 1156 3094 Sopitis
1178 3021 1247 3075 odiis
1266 3022 1395 3075 civilibus.
1415 3055 1457 3066 -

400 3105 462 3166 noli,
479 3101 525 3155 aed
536 3101 620 3154 multo
634 3100 756 3154 validius.
950 3102 1026 3170 Quem
1040 3101 1113 3164 diem,
1126 3115 1176 3155 etc.
1189 3101 1305 3155 Atticum
1320 3100 1457 3155 disceden-

441 3201 468 3252 7.
485 3179 799 3251 Officiovirtutescilicet
807 3195 832 3234 et
839 3179 905 3234 fide·
948 3191 1001 3232 tem
1020 3193 1094 3233 tanto
1108 3181 1234 3236 nimirum
1251 3182 1346 3234 ellectu
1365 3200 1457 3253 prose·

399 3259 472 3313 litate
485 3260 513 3312 in
524 3260 620 3312 amicos
632 3272 658 3312 et
668 3261 745 3314 cives.
947 3273 1008 3312 cota
1029 3273 1068 3312 est
1084 3261 1283 3314 Atheniensium
1301 3261 1406 3326 civitas,
1427 3275 1457 3314 ut

442 3341 469 3392 8.
484 3339 530 3391 Ad
541 3342 638 3391 comitia
650 3355 737 3393 comm.
753 3339 786 3394 Id
800 3353 854 3404 est,
872 3339 906 3393 ad
947 3340 1071 3410 lacrymis
1087 3338 1206 3394 dolorem
1224 3359 1255 3392 ex
1268 3338 1400 3394 desiderio
1413 3341 1456 3392 fu·

401 3417 508 3472 comitia
524 3418 686 3483 ventitabat,
706 3419 734 3471 in
754 3420 851 3492 quibua
872 3419 907 3474 de
949 3431 1012 3471 turo
1026 3431 1183 3492 conceptum
1201 3417 1337 3474 iudicaret.

402 3499 661 3552 amicorumauorum
672 3496 843 3569 dignitatibus
851 3517 907 3572 age-
988 3499 1088 3552 CmV.
1099 3519 1121 3554 r.
1131 3501 1233 3553 luculli.
1242 3500 1294 3566 Qui
1304 3519 1336 3553 ex
1344 3497 1457 3552 Asiatico

398 3577 681 3649 batur3quumillorum
689 3578 842 3649 petitionem
849 3597 908 3634 ano·
948 3578 1018 3632 bello
1038 3593 1128 3633 contra
1149 3577 1331 3633 Mithridatem
1350 3597 1457 3650 magnas

401 3657 507 3712 toritate
520 3669 547 3711 et
560 3657 686 3728 suffragio
699 3660 790 3728 juvare
802 3670 897 3729 posset.
949 3656 1055 3711 divitias
1071 3673 1262 3730 reportaverat,
1284 3672 1310 3728 et
1325 3671 1414 3730 postea
1429 3677 1456 3710 se

443 3757 469 3808 9.
496 3737 620 3807 Fugienti.
642 3737 744 3808 Nempe
766 3749 826 3790 aute
852 3741 906 3791 exi·
950 3737 977 3790 in
991 3738 1082 3790 luxum
1096 3758 1197 3812 pronus
1210 3737 1377 3793 dementent.
1390 3735 1458 3790 lude

402 3817 483 3882 lium,
513 3815 609 3870 Clodio
629 3829 735 3870 auctore
757 3815 908 3885 decretum,
951 3819 1064 3871 Xerxem
1072 3819 1457 3892 togatumappellavit'l'ubero,

403 3895 778 3967 mamaththenamquum,
792 3897 908 3968 Chryso·
951 3909 1019 3950 auct.
1035 3898 1168 3952 Plutarch.
1188 3899 1313 3961 Lucullo,
1328 3899 1456 3952 XXXIX.

403 3995 473 4049 gono
486 3977 514 4028 ln
529 3977 648 4030 oratioue
663 3996 713 4048 pro
724 3976 819 4030 Roscio
831 3980 909 4030 Ame·
951 3977 1102 4032 Tzacuucn.
1120 4009 1161 4022 -
1182 3979 1336 4049 Dffcr'llima
1361 3989 1456 4031 mmm.

404 4056 464 4108 rino
476 4055 590 4122 offenso,
604 4057 681 4128 Syllae
694 4057 761 4109 iram
772 4068 908 4109 metueret.
951 4055 1011 4122 Qua
1022 4056 1127 4128 praediti
1140 4064 1227 4110 morosi
1236 4071 1371 4110 vocantur.

403 4133 642 4188 'ras-Soterem
650 4135 825 4190 duoenrmllid.
835 4154 908 4189 eum·
994 4155 1019 4190 a.
1029 4138 1126 4190 Veritas
1132 4149 1175 4190 est.
1183 4135 1307 4206 Indulsit,
1314 4137 1389 4191 oeaait
1398 4155 1458 4191 cnm
