3282 5156
504 515 955 588 OBSERVATIONES.
1180 521 1256 618 339

198 668 253 706 uon
265 651 392 720 enjnsqoe
406 656 446 704 est
455 644 571 700 lectoris.
584 645 739 714 Pauciores,
747 646 816 702 inter
828 667 895 720 quos
906 650 1066 718 Lambinus,
1076 652 1149 706 locos
1163 669 1253 710 sucto-

198 749 275 796 runr,
288 746 381 782 eorum
393 725 553 798 prasertim,
568 726 616 797 qui
629 727 716 780 minus
737 727 766 780 in
783 729 903 783 menibus
925 729 1042 783 tironum
1060 746 1210 800 venantur,
1226 737 1255 788 in
1280 735 1290 756 ³

199 809 370 864 cunctatione
383 806 592 876 exscripserunt,
607 818 634 860 st
649 807 814 877 paucissimi,
830 821 950 862 suctores
964 809 992 862 in
1007 809 1111 866 diverse
1130 815 1254 868 obeuntes

200 901 246 942 aut
255 887 396 942 conciliare
411 885 480 938 inter
493 902 533 951 se,
545 897 606 950 aut,
618 903 648 938 re
663 887 783 956 cognita,
796 886 925 957 judicium
942 887 977 942 de
991 891 1027 942 eis
1042 891 1111 944 ferre
1124 895 1254 950 sustinue-

200 980 277 1034 runt,
297 984 379 1038 quum
391 963 489 1018 erroris
505 983 613 1036 arguere
628 977 775 1030 sectorem,
791 985 871 1038 quem
881 981 1105 1034 commentantur,
1121 973 1255 1042 piaculum

201 1047 276 1118 qussi
287 1045 392 1100 ducent.
413 1045 469 1097 Nec
482 1043 511 1096 in
523 1043 597 1096 libris
609 1045 734 1115 separatis
747 1046 898 1118 plerisque,
918 1067 983 1119 quos
998 1047 1033 1102 de
1046 1050 1155 1104 historie
1167 1065 1255 1106 vetere

200 1143 373 1197 composuere
394 1123 566 1188 recentiores,
587 1141 703 1178 acessus
721 1123 800 1178 datur
817 1124 851 1178 sd
870 1126 934 1180 artis
952 1127 1083 1182 historice
1098 1133 1256 1201 penetralia,

199 1204 336 1260 scientiam
349 1201 447 1258 seilicet
463 1200 628 1274 dijudicandi
645 1216 770 1257 auctores.
792 1205 845 1258 Alii
860 1206 999 1260 historiam
1018 1210 1150 1278 scribunt,
1170 1213 1257 1265 norni-

200 1285 269 1338 natis
281 1283 391 1338 testibus
404 1282 499 1348 nullis,
511 1281 584 1354 quod
595 1280 701 1354 quidem
714 1283 911 1355 compendiario
923 1287 1061 1358 scriptori,
1076 1289 1188 1344 simodo
1201 1293 1257 1363 ipse

199 1363 311 1435 diligens
326 1362 407 1416 luerit
419 1361 534 1414 fontium
554 1373 746 1434 perscrutator,
765 1364 803 1416 las
816 1383 872 1418 esse
889 1363 967 1420 duco.
988 1366 1020 1420 ld
1037 1369 1108 1422 enirn
1121 1369 1257 1424 elementis

199 1444 316 1498 historie
331 1442 426 1496 veteris
449 1439 615 1494 addiscendis
637 1459 716 1513 quam
738 1444 850 1498 menime
869 1445 1001 1500 convenit.
1028 1446 1080 1500 Sed
1101 1448 1257 1504 eruditiores

199 1523 283 1576 oculis
296 1523 349 1576 suis
363 1519 473 1588 ridere,
490 1520 657 1592 diversasque
672 1522 786 1576 rstiones
804 1522 952 1594 ponderum
965 1525 1066 1580 volunt.
1081 1527 1257 1584 citationibus

199 1601 366 1674 superfluunt
380 1602 440 1665 alii,
459 1600 578 1672 quamvis
592 1601 643 1672 ipsi
654 1619 715 1654 raro
729 1601 948 1669 fontesadierint,
963 1607 1139 1661 recentiorum
1152 1609 1256 1680 opinio·

200 1699 247 1736 nes
261 1693 380 1736 veterum
393 1679 542 1734 immiscent
556 1680 724 1746 testimoniis,
740 1701 788 1736 neo
801 1701 816 1734 s
830 1683 898 1736 reris
913 1684 974 1736 lslsa
988 1683 1143 1756 dijudicant.

240 1763 263 1814 1.
284 1760 421 1819 houmeri
435 1760 490 1814 fere
504 1771 566 1814 sunt
582 1761 698 1814 Cornelii
712 1761 781 1826 loci,
795 1762 892 1833 quihus
903 1781 935 1816 ex
948 1763 1006 1816 aliis
1018 1767 1183 1833 auctoribus,
1199 1769 1257 1840 peri

200 1855 246 1896 ant
258 1843 357 1912 mejore
371 1839 424 1894 fide
435 1838 535 1910 dignis,
556 1840 673 1912 suppleri
688 1853 775 1911 potest
791 1842 924 1896 ueletiam
939 1842 1082 1900 emendari.
1097 1847 1190 1902 Veriss
1202 1865 1258 1912 res,

198 1940 259 1994 que
273 1921 388 1974 historie
411 1917 564 1991 supplenda
584 1931 611 1972 et
631 1918 818 1974 connectendas
836 1922 1000 1986 inserviunt,
1022 1925 1117 1978 tabulis
1135 1927 1257 1980 Chrono-

200 2001 292 2072 logicis
309 1999 440 2054 indicabo.
460 1997 511 2052 llic
526 1997 639 2069 deligens
656 1999 823 2072 potissimum
839 2019 883 2054 eos
896 2001 981 2066 locos,
994 2004 1091 2074 quibus
1105 2006 1259 2060 Cornelium

199 2099 298 2134 errasse
318 2093 364 2133 ant
385 2078 558 2148 negligentius
578 2079 710 2148 scripsisse
731 2077 824 2144 credo;
844 2079 1068 2136 nondetrshendi
1082 2084 1170 2155 alique
1184 2087 1258 2159 cupi·

200 2158 282 2214 ditate
297 2158 404 2218 ductus,
429 2156 476 2210 sed
491 2157 608 2210 veritatis
622 2156 754 2212 historice
767 2155 872 2224 studio,
898 2172 925 2212 et
943 2163 1077 2230 juventuti
1098 2163 1258 2232 inserviens,

200 2239 373 2371 lltt‘l'
389 2247 489 2368 tlt:
500 2233 777 2386 maltha?
788 2239 976 2369 lhf‘lll
986 2242 1258 2376 tltllrll‘tl

200 2334 478 2466 antiquitatiiersludio,
500 2412 583 2465 quum
598 2391 747 2452 videamus,
769 2393 841 2465 quod
854 2413 932 2465 supra
948 2336 1056 2464 mdnni,
1069 2400 1229 2469 reprehendi
1244 2422 1260 2456 s

200 2473 342 2530 Plutarcho
356 2471 537 2536 Herodotum,
552 2472 667 2527 sl'linic
684 2473 853 2538 Cornelium
868 2475 935 2528 nihil
951 2477 1033 2546 magis
1048 2477 1172 2533 obtundit
1184 2479 1258 2552 judi·

200 2554 278 2610 crudi
292 2556 363 2646 einr⁵
376 2571 455 2624 quam
476 2571 567 2606 nouere
584 2551 697 2606 maxime
714 2551 813 2607 dehent
833 2556 941 2623 juvenes
957 2555 1072 2610 litterati.
1093 2558 1162 2612 Nom
1176 2581 1258 2632 quum

199 2635 340 2707 inpiissime
348 2651 375 2686 ru
388 2645 475 2704 portes
485 2631 700 2704 dirersssaheant
709 2633 829 2687 historici
836 2646 935 2688 veteres
950 2630 1039 2706 (quod
1047 2635 1119 2690 idem
1131 2639 1257 2696 innostra

199 2715 308 2770 historia
321 2711 431 2780 accidit,
442 2725 469 2764 et
479 2710 552 2784 quod
563 2711 678 2764 humana
689 2712 741 2766 lert
753 2710 901 2782 fragilitas),
911 2727 957 2768 sut
970 2715 1056 2785 legent
1068 2735 1112 2770 eos
1123 2718 1179 2772 sine
1187 2721 1258 2790 jndi-

199 2795 242 2848 cio
256 2807 284 2848 et
297 2793 353 2848 sine
371 2793 424 2846 ulls
438 2791 473 2846 sd
487 2811 529 2846 res
545 2804 662 2846 narratas
674 2793 832 2859 attentione,
848 2804 894 2848 aut
910 2793 1041 2861 nescient,
1061 2797 1105 2850 cui
1116 2795 1197 2852 iidem
1213 2802 1257 2854 tri·

199 2875 299 2938 burnt,
322 2873 367 2926 cui
385 2884 490 2943 negent.

238 2955 274 3007 Il.
296 2954 357 3008 Diri
369 2953 449 3024 hujus
466 2950 570 3006 dissert.
588 2951 693 3022 pind,
706 2969 749 3004 me
763 2969 818 3008 non
839 2949 960 3021 credere,
977 2951 1107 3008 Herodoti
1120 2956 1257 3012 historiam

200 3053 318 3106 unquam
338 3033 367 3086 in
389 3044 559 3104 conspectum
581 3030 682 3084 venisse
704 3032 823 3084 Cornelii
838 3031 958 3102 Nepotis.
987 3034 1090 3097 Erunt,
1116 3055 1182 3107 quos
1201 3038 1256 3092 hec

199 3114 314 3185 suspicio
328 3110 460 3178 offendet,
471 3112 518 3184 qni
531 3127 684 3183 persuasum
696 3111 746 3164 sihi
755 3111 868 3176 habent,
878 3111 1028 3166 auctoribus
1044 3115 1145 3170 Latinis
1155 3115 1255 3170 editum

199 3193 312 3264 petuisse
326 3191 360 3246 sd
375 3191 482 3245 Grecos
496 3209 602 3256 numm,
623 3191 735 3262 illosque
753 3191 820 3245 nulli
839 3191 985 3264 pepercisse
1000 3211 1087 3264 opere
1108 3195 1158 3249 hos
1170 3199 1256 3268 perle-

198 3269 278 3342 gendi
299 3284 325 3324 et
350 3267 501 3341 indagandi.
536 3267 588 3330 Sel
607 3272 769 3340 cogitemus,
789 3271 921 3341 ingentem
944 3272 1024 3326 luisse
1043 3275 1147 3345 copiam
1170 3278 1255 3332 omnis

199 3350 303 3422 generis
317 3351 446 3404 librorum
468 3361 493 3402 et
514 3347 585 3420 apud
610 3349 731 3416 Grssoos,
759 3363 786 3404 et
803 3351 922 3405 Cornelii
944 3351 1023 3406 etism
1046 3364 1165 3426 ternpore
1184 3357 1254 3428 apud

200 3431 345 3494 Romanos,
363 3447 478 3500 quorum
492 3428 601 3482 minima
613 3447 675 3499 pars
685 3441 787 3484 aetutem
802 3431 875 3496 tulit,
889 3449 973 3501 eoque
987 3431 1164 3488 difficiliorem
1176 3436 1256 3490 fuisse

198 3508 337 3563 delectum.
354 3507 519 3578 Cogitemus,
535 3506 606 3560 idem
623 3507 746 3564 accidisse
756 3509 856 3564 Grecis
872 3529 902 3564 ao
915 3513 1056 3576 Romtsnis,
1074 3515 1146 3584 quod
1162 3517 1253 3581 nobis,

198 3606 323 3662 spernere
337 3605 530 3658 nonnunquam
555 3599 582 3640 et
601 3587 732 3658 negligere
755 3590 836 3642 lihroe
856 3591 941 3643 hunos
956 3591 1132 3662 antiquiores,
1158 3607 1185 3646 et
1203 3613 1253 3665 pro

198 3668 443 3742 prudentioribus,
468 3667 591 3720 nnsitstis
608 3668 705 3738 psus,
723 3667 757 3722 ad
772 3681 875 3740 tempus
887 3669 985 3724 hebere
1000 3671 1078 3738 alios,
1099 3674 1146 3742 qni
1161 3691 1252 3726 revers

198 3761 274 3804 erant
287 3749 398 3802 minoris
410 3747 488 3819 pretii
503 3760 529 3799 et
545 3745 617 3800 fidei.
638 3747 665 3800 Si
680 3749 798 3820 exemplo
811 3768 878 3820 opus
888 3761 942 3812 est,
958 3769 1074 3820 provoco
1090 3751 1123 3804 ad
1133 3771 1179 3816 ea,
1192 3771 1251 3823 que

198 3829 292 3884 Cicero
307 3826 376 3882 dixit
385 3826 419 3882 sle
438 3828 546 3882 Catonis
556 3827 725 3896 Originibus,
743 3827 887 3898 eademque
901 3831 1036 3881 occasione
1047 3829 1080 3882 de
1093 3831 1251 3901 Thucydide

198 3922 225 3962 et
239 3907 275 3962 d'e
293 3908 419 3974 Philisto,
437 3908 564 3978 exscripta
583 3926 599 3959 s
613 3924 655 3960 sue
674 3909 801 3978 superios.
816 3908 967 3977 Cogitemus
987 3909 1081 3973 etiam,
1097 3909 1250 3964 Grecorutu

198 3987 294 4054 libros,
314 3989 460 4061 presertim
478 3987 654 4056 antiquiores,
676 4003 790 4058 quorum
806 3987 963 4057 exemplaris
982 3988 1078 4040 sensim
1093 3991 1251 4061 multiplica·

198 4067 294 4122 bantur
313 4087 360 4138 per
376 4069 497 4122 librarios
517 4063 637 4118 mercede
655 4065 813 4132 conductos,
836 4083 891 4118 non
911 4066 998 4119 ubivis
1017 4067 1096 4120 luisse
1113 4071 1205 4124 obvios
1223 4073 1252 4124 in

199 4145 286 4218 ltalia,
308 4149 427 4204 Cornelii
441 4148 555 4202 maxime
573 4157 663 4210 etate,
682 4163 735 4216 qus
756 4146 864 4200 nonita
885 4143 988 4198 dudum
1008 4145 1121 4217 flagrme
1140 4149 1252 4204 Romam

965 4253 1065 4324 ,ια’
