3282 5156
369 443 442 534 aaa
632 447 1165 520 condemnaberis

370 579 477 649 morbi
494 579 528 648 in
542 580 643 650 imum
653 578 865 650 intestinum¹
879 582 1048 678 prorupit,
1066 595 1105 649 ut
1116 595 1264 650 extremo
1277 595 1426 676 tempore

370 710 429 780 per
448 684 576 757 lumbos
597 687 706 758 fistula
728 689 834 781 putris
852 689 1006 781 eruperit.
1028 689 1134 782 Atque
1151 687 1217 756 boe
1234 687 1426 782 priusquam

370 793 399 858 ei
427 791 609 882 accideret,
634 807 808 890 postquam
839 795 872 861 in
898 793 967 861 dies
990 791 1121 862 dolores
1145 817 1349 879 accrescere,
1375 792 1427 861 le-

370 896 509 992 bresque
530 902 703 970 accessisse
719 899 1029 993 sensit„llgrippam
1045 923 1203 993 generum
1215 899 1256 968 ad
1273 923 1307 968 se
1320 921 1427 967 arces·

371 1005 427 1072 siri
439 990 566 1096 jussit³‚
585 1021 713 1096 etcum
732 1031 773 1074 eo
793 1008 830 1073 L.
849 1004 1040 1075 Cornelium
1055 1004 1211 1092 Balbum,
1228 1008 1428 1099 Sextumque

371 1109 576 1180 Peducaeum.
608 1115 678 1181 Hos
707 1127 744 1179 ut
762 1111 889 1180 venisse
919 1111 1017 1198 vidit,
1039 1112 1072 1178 in
1100 1112 1247 1180 cubitum
1271 1113 1426 1180 innixus:

376 1243 393 1278 α
414 1217 601 1306 Quantam,
624 1220 741 1312 inquit,
766 1241 879 1286 curam
899 1215 1164 1312 diligentiamque
1187 1219 1220 1285 in
1242 1215 1429 1287 valetudine

372 1313 445 1390 urea
471 1323 593 1393 tuenda
618 1324 683 1394 boc
708 1339 856 1418 tempore
877 1320 1101 1409 adhibuerim,
1121 1348 1223 1418 quum
1249 1347 1309 1393 vos
1331 1337 1431 1392 testes

273 1456 279 1466 ·
374 1427 532 1516 babeam,
550 1429 629 1498 nihil
648 1455 780 1500 necesse
799 1443 848 1497 cst
867 1425 1017 1523 pluribus
1032 1429 1141 1498 verbis
1158 1453 1430 1498 commemorare.

374 1534 504 1622 Quibus
526 1538 696 1628 quoniam,
709 1551 751 1604 ut
766 1560 882 1629 spero,
904 1533 1066 1622 satisfeci,
1083 1559 1136 1604 me
1149 1535 1230 1604 nibil
1250 1535 1364 1629 reliqui
1377 1533 1429 1604 fe-

374 1641 472 1727 cisse,
496 1640 586 1734 quod
608 1641 649 1710 ad
672 1641 853 1711 sanandum
874 1665 927 1708 me
953 1641 1157 1734 pertineret;
1181 1640 1343 1736 reliquum
1361 1654 1431 1727 est,

375 1759 413 1811 ut
426 1760 556 1838 egomet
568 1748 648 1815 mihi
660 1745 838 1817 consulam.
850 1745 889 1814 Id
901 1771 961 1816 vos
975 1747 1126 1842 ignorare
1136 1746 1235 1818 nolui.
1250 1749 1338 1817 Nam
1348 1746 1431 1816 mibi

375 1863 440 1918 stat
469 1850 555 1920 alere
577 1853 731 1922 morbum
754 1853 903 1922 desinere
927 1878 933 1918 :
963 1877 1107 1948 namque
1125 1853 1176 1922 his
1196 1853 1314 1923 diebus
1335 1851 1431 1948 quid·

376 1955 456 2049 quid
475 1958 539 2026 cibi
554 1947 706 2053 sumpsi,
720 1961 765 2027 ita
783 1957 924 2052 produxi
945 1959 1066 2046 vitam,
1080 1974 1117 2028 ut
1134 1962 1280 2030 auxerim
1301 1958 1431 2028 dolores

377 2064 446 2130 sine
458 2087 515 2157 spe
530 2063 651 2134 salutis.
665 2068 808 2155 Quarea
822 2063 918 2132 vobis
934 2078 1011 2157 peto
1027 2066 1171 2159 primum
1184 2119 1193 2152 ,
1207 2080 1245 2134 ut
1259 2063 1430 2135 consilium

379 2169 523 2262 probetis
536 2195 645 2240 meum
655 2198 665 2258 ;
674 2171 807 2258 deinde,
818 2195 859 2240 ne
869 2168 991 2238 lmstra
1003 2170 1210 2241 dehortando
1221 2173 1392 2243 conemini.
1408 2197 1437 2258 n¹

429 2277 540 2346 XXII.
561 2279 632 2346 Hac
651 2281 800 2346 oratione
821 2274 951 2360 habita,
972 2289 1062 2345 tanta
1075 2279 1263 2347 constantia
1275 2279 1366 2347 vocis
1383 2290 1431 2344 at-

378 2406 441 2474 que
457 2381 584 2468 vultus,
602 2398 640 2451 ut
662 2409 728 2452 non
749 2408 789 2452 ex
807 2383 890 2466 vita,
903 2379 959 2448 sed
978 2406 1018 2450 ex
1035 2381 1151 2452 dom0¹
1174 2386 1208 2451 in
1225 2385 1360 2454 domum
1379 2383 1431 2449 vi·

379 2486 511 2557 deretur
532 2490 689 2583 migrare;
706 2513 808 2582 quum
826 2485 958 2582 quidem
977 2491 1123 2585 Agrippa
1140 2515 1214 2558 eum
1235 2489 1317 2559 llens
1335 2503 1434 2582 atque

379 2592 530 2672 osculans
556 2610 666 2664 oraret
693 2609 791 2688 etque
812 2593 1024 2680 obsecraret,
1045 2619 1087 2664 ne
1111 2596 1152 2664 ad
1177 2595 1232 2684 id,
1260 2595 1349 2691 quod
1374 2615 1431 2662 na·

378 2712 452 2768 tura
467 2715 615 2794 cogeret,
632 2703 700 2796 ipse
711 2723 842 2795 quoque
853 2697 915 2768 sibi
925 2699 1142 2788 acceleraret,
1154 2715 1188 2770 et
1195 2703 1350 2796 quoniam
1363 2715 1433 2770 tum

423 2911 448 2946 a.
465 2893 495 2944 ln
511 2896 581 2944 imion
596 2896 738 2946 intestinum.
765 2893 816 2948 Cui
840 2910 889 2944 no·
932 2896 1252 2966 mttonamapisaller,
1271 2893 1435 2965 dempserim

382 2989 442 3022 men
462 2973 615 3025 nctumrdl.
637 2974 687 3044 leg}
703 2979 728 3024 in
746 2991 825 3026 rairwn.
849 3003 889 3014 —-
929 2976 1001 3042 point
1020 2975 1071 3026 leur
1088 2979 1158 3046 peine
1181 2979 1197 3027 ὰ
1217 2976 1267 3026 l¹ea
1290 2976 1433 3027 dam.

381 3050 478 3102 Fistula
493 3055 573 3121 putris
594 3058 704 3122 eruperit·
723 3051 835 3116 Morbo,
858 3062 887 3104 ut
934 3051 1316 3123 Montaigne,Esrais,lI,13.

383 3129 523 3182 verisimile
545 3143 600 3193 est,
618 3131 720 3184 Atticus
739 3131 888 3196 laboravit,
973 3139 998 3195 4.
1017 3134 1143 3205 Quidqiu'd
1151 3134 1197 3186 cibi
1206 3138 1302 3204 serpsi.
1318 3133 1379 3186 Post
1388 3131 1435 3183 etti·

384 3226 462 3280 quem
475 3227 598 3262 vocamus
605 3209 691 3278 fistule
702 3213 837 3263 starcomle.
932 3209 1034 3265 addunt
1062 3212 1170 3285 quidem
1196 3217 1365 3285 podoaa'squee
1390 3207 1436 3264 sed

422 3289 446 3342 3.
458 3287 505 3340 Ad
515 3309 539 3340 se
552 3291 661 3341 arcessiri
668 3293 749 3360 jussit.
770 3291 805 3343 Ce
818 3293 891 3344 Pom·
932 3291 1004 3346 abest
1017 3293 1051 3346 ab
1072 3291 1135 3346 edit
1157 3292 1242 3365 princ.
1256 3311 1318 3346 ann.
1343 3295 1433 3362 1470,

382 3372 468 3436 ponito
480 3371 589 3430 Atticus,
608 3371 623 3420 ὰ
638 3373 680 3442 qui
693 3369 776 3422 Cicem
791 3374 887 3441 ascript,
933 3383 959 3424 et
973 3371 1048 3425 MSS.
1063 3373 1192 3445 pluribus.

385 3459 464 3499 estant
475 3448 636 3514 mclade,seit
646 3450 750 3520 appeller
763 3451 887 3522 Agrqrpa,
972 3451 1037 3504 Car.
1048 3453 1137 3505 XXII.
1149 3453 1268 3506 nmmo.
1281 3449 1435 3522 bielnpbnn

386 3547 429 3578 son
440 3529 538 3598 gendre,
547 3529 639 3580 etdeue
649 3549 679 3580 on
695 3534 753 3581 trois
762 3533 850 3583 aaltm
861 3531 891 3582 de
933 3531 1054 3602 elegans,
1073 3551 1144 3604 qua,
1164 3531 1205 3584 vel
1225 3531 1319 3596 simili,
1337 3543 1437 3582 veteres

386 3611 502 3670 sesamis,
524 3609 673 3670 etlcurdict,
686 3604 894 3683 qu'qruntessuyi
934 3623 1056 3664 utuntur.
1075 3611 1150 3664 Puto
1170 3605 1324 3679 dandamis.
1341 3609 1436 3662 Paulut

385 3688 600 3760 qu'ilnegaignoit
609 3694 660 3740 rien
669 3692 717 3741 aiae
727 3691 890 3760 vcubirgua·
935 3683 1127 3760 ladnpdeTu.
1141 3721 1182 3734 -
1196 3690 1357 3745 Accelcnnt.
1369 3687 1439 3742 tlen-

388 3771 435 3826 νίν,
452 3780 476 3818 et
494 3788 538 3840 que
558 3780 609 3819 tout
622 3790 647 3820 ce
660 3771 724 3841 qu'il
730 3771 819 3836 faiam!
830 3789 893 3840 pour
935 3771 1052 3839 singems
1071 3771 1214 3842 proposuit
1228 3770 1289 3830 sibi,
1307 3765 1380 3842 quod
1397 3785 1439 3819 ro·

388 3847 498 3918 ollonger
517 3868 545 3899 sa
563 3853 616 3910 vie,
642 3849 774 3920 allongeoit
790 3853 894 3901 nutriet
936 3849 1332 3920 cepitWetzelius‚et‚omisso
1341 3847 1439 3900 dante

387 3931 534 3996 uugmerrtoit
546 3947 573 3978 sa
588 3928 703 3990 dauleio,
721 3931 743 3982 il
753 3933 822 3980 estoit
832 3929 893 3980 delt-
937 3929 975 3989 id,
990 3927 1182 3982 Schmiederus.
1202 3929 1304 4000 Nempe
1319 3925 1440 3990 dativus,

388 4003 442 4055 bere'
451 4006 480 4057 de
492 4019 572 4058 mettre
572 4007 715 4078 finbl'uae
722 4009 892 4070 etdl'aultre,
937 4026 1017 4079 quem
1040 4027 1088 4079 pro
1106 4027 1176 4062 nexu
1193 4019 1290 4062 vocant
1308 4003 1441 4060 commodi

339 4108 345 4118 ·
388 4083 422 4134 lcr
431 4091 515 4156 prinnt
529 4087 558 4138 de
574 4099 668 4138 trouver
678 4089 753 4140 bonne
768 4107 795 4139 sa
806 4087 894 4140 delibe-
938 4087 980 4140 vel
991 4085 1291 4158 incommodi,putatur.
1300 4087 1355 4140 Nee
1364 4097 1443 4138 teme·
