3200 5120
514 546 581 614 ET
605 546 841 614 JUDICIA.
1155 573 1215 618 xm

149 681 191 750 ad
209 678 266 749 illa
285 679 405 764 verba,
419 677 455 746 E
456 693 472 744 t
488 683 524 746 in
541 678 606 748 hoc
622 701 832 773 caponemus
852 675 938 746 libro
955 677 999 747 de
1010 683 1086 746 υἱέα
1104 683 1215 750 excel-

151 789 290 856 lentium
316 791 556 880 t'rnperatorum
567 837 579 870 ,
607 783 727 857 librum
748 807 812 878 ego
838 785 943 878 accipi
965 797 1047 879 puto
1065 808 1133 853 non
1153 811 1215 880 pro

150 895 308 962 universo
328 914 428 985 opere
439 881 548 984 (quod
566 888 647 958 alias
663 889 799 959 fortasse
815 915 883 958 non
899 892 968 960 sine
981 914 1093 959 errore
1112 884 1213 979 feci),
1279 953 1283 960 .

153 998 212 1068 sed
222 1023 284 1092 pro
295 997 380 1066 libro
392 1021 476 1083 un03
493 999 690 1066 Graecorum
701 1009 811 1065 autem
827 1021 894 1066 non
908 995 984 1065 addi
996 998 1214 1081 mentionem,

154 1105 232 1198 quia
247 1104 317 1196 jorn
336 1103 377 1171 de
395 1103 520 1172 Graecis
539 1101 703 1196 agendum
722 1125 813 1189 esse,
832 1103 873 1171 sit
894 1101 1038 1186 dictum,
1057 1100 1145 1171 nulla
1166 1118 1213 1172 ta-

154 1233 230 1278 men
248 1211 395 1278 muneris
419 1209 622 1302 imperatorii
637 1207 723 1278 facta
740 1209 926 1296 mentione,
947 1233 1020 1301 quae
1038 1207 1137 1277 modo
1156 1231 1213 1303 ap-

154 1329 321 1409 ponatur,
347 1339 389 1383 ne
415 1312 457 1382 de
485 1315 633 1382 omnium
658 1315 846 1408 promiscue
873 1315 1049 1408 insignium
1078 1317 1214 1384 Graeciae

157 1423 302 1490 virorum
322 1422 390 1490 vita
416 1419 470 1488 bic
493 1418 597 1490 lector
620 1419 785 1514 agendum
813 1445 883 1490 esse
905 1419 1063 1489 crederet
1084 1419 1214 1506 Vides,

153 1541 315 1620 quantum
334 1527 375 1595 sit
394 1524 618 1596 collocationis
644 1524 771 1596 voculae
792 1527 889 1595 unius
907 1540 1124 1596 momentum.
1150 1527 1214 1594 Re·

153 1631 253 1702 lativo
274 1655 356 1726 ergo
372 1634 464 1719 voci,
486 1633 635 1720 Atticae,
652 1634 847 1728 praeposito,
862 1632 972 1701 omnia
991 1646 1080 1700 recte
1092 1631 1214 1700 habere

153 1738 329 1824 videntur,
357 1751 390 1806 et
416 1735 565 1832 quaedam
592 1736 802 1808 difficultates
826 1738 1011 1825 facessunt,
1034 1762 1108 1831 quae
1133 1735 1213 1806 olim

153 1869 211 1912 nos
220 1844 546 1933 circumveniebant,
555 1843 636 1912 dum
646 1843 792 1912 Probum
803 1843 980 1913 Theodosii
994 1857 1089 1913 aetate
1099 1845 1216 1912 vixisse

153 1949 405 2020 affirmaremus.
422 1951 550 2020 Verum
572 1943 703 2018 candidi
721 1948 852 2020 lectoris
869 1964 940 2020 esto
953 1949 1111 2043 judicium
1123 1974 1133 2035 ;
1146 1974 1214 2017 non

140 2058 238 2124 enim
253 2055 325 2125 boec
337 2055 523 2149 judicandi,
538 2055 594 2126 sed
610 2055 729 2150 judicis
750 2055 949 2126 admonendi
968 2054 1215 2147 instruendique

155 2161 292 2232 consilio
314 2160 493 2232 attulimus

420 2377 655 2446 onnnrus
683 2377 951 2464 errimus

299 2567 338 2614 ns
369 2567 491 2613 mmcn
514 2566 755 2629 sucaranae,
776 2567 867 2614 vocs
889 2543 1069 2634 restitutus.

204 2747 315 2840 Nepos
331 2747 365 2813 in
380 2747 448 2814 vita
458 2745 652 2815 Alcibiadis:
667 2749 794 2840 Itaque
807 2759 843 2812 et
856 2747 998 2831 Siciliae,
1014 2739 1075 2814 etc.
1091 2744 1155 2813 Sed
1173 2745 1214 2814 de

156 2847 210 2918 illo
228 2850 388 2946 opusculo
402 2851 482 2922 alias
501 2851 638 2921 fortasse
655 2853 850 2920 accuratius.
868 2852 975 2944 Cupio
993 2852 1081 2919 enim
1098 2853 1214 2944 puriss.

154 2953 244 3024 illum
255 2959 449 3052 scriptorem
461 2957 637 3052 aliquando
648 2959 890 3053 castigatiorem
903 2947 1017 3044 edere3
1031 2981 1129 3051 quem
1144 2969 1214 3024 tum

154 3060 344 3132 docebimus
359 3089 429 3133 esse
448 3063 639 3166 Cornelium
659 3066 842 3159 Nepotem,
862 3089 929 3132 non
949 3088 1030 3131 vero
1049 3061 1215 3131 AEmilium

156 3167 318 3256 Probum,
336 3183 372 3237 ut
389 3168 489 3264 vulgo
507 3183 635 3264 putant.

418 3383 627 3453 niours.
657 3383 952 3472 nanninus,

405 3572 556 3619 PRAEFAT.
587 3571 626 3618 IN
658 3571 761 3620 CORN·
788 3571 965 3621 NEPOTEM.

206 3753 305 3820 Nunc
336 3749 377 3818 de
404 3751 565 3843 scriptore
589 3762 704 3819 nostro
732 3773 839 3845 pauca
866 3749 1036 3838 dicamus,
1064 3775 1162 3844 quem
1190 3755 1216 3820 si

155 3855 293 3926 ostendo
314 3858 433 3926 vixisse
451 3856 608 3949 Pompeii·
618 3855 750 3950 Magni,
764 3870 798 3925 et
810 3858 948 3926 Caesaris
959 3909 968 3944 ,
981 3871 1015 3924 et
1027 3857 1215 3945 Ciceronis,

156 3976 188 4030 et
200 3963 319 4050 Attici,
337 3976 371 4030 et
388 3976 575 4032 ceterorum
592 3961 738 4055 ejusdem
754 3964 858 4032 utatis
871 3963 1045 4031 bominum
1065 3965 1217 4057 tempori·

154 4065 231 4155 bus,
250 4067 316 4136 hoc
335 4082 405 4156 est,
424 4092 491 4162 quo
511 4081 660 4161 tempore
687 4067 870 4162 respublica
892 4072 1042 4138 Romana
1063 4068 1215 4164 populari

155 4175 315 4265 potentia,
329 4175 398 4246 sive
419 4173 636 4263 democratia,
658 4189 691 4246 et
708 4175 904 4269 optimatum
925 4176 1129 4270 principatu,
1147 4178 1216 4246 sive
