3282 5156
415 471 489 549 336
565 473 803 544 JOANN'IS
831 471 988 542 HENR.
1015 473 1312 544 SCllLEGEL

410 607 487 662 bonis
499 605 605 659 musicis
621 601 734 676 perinde
754 615 784 656 ιιι
797 603 958 676 pictoribus,
976 603 1039 674 qnia
1059 601 1187 658 dedecere
1201 605 1330 675 putabant
1343 603 1390 658 has
1405 615 1481 658 artes

411 687 482 740 viros
496 683 606 738 nobiles.
626 685 688 750 Quo
706 683 794 736 minus
809 695 865 736 erat
880 683 930 736 arti
946 683 1071 749 honoris,
1092 703 1124 736 eo
1137 685 1240 736 minora
1258 683 1344 738 studia
1357 685 1479 736 fumun.

450 768 485 819 V.
507 765 582 818 Preti.
596 758 621 825 S.
643 781 681 833 7:
710 762 881 836 Gyncconin's.
910 761 1061 836 Respondet
1083 763 1139 816 huc
1157 782 1209 816 vox
1228 765 1269 828 ei,
1285 782 1364 834 qnam
1379 765 1480 817 Tusce

410 845 507 916 aliique
526 844 593 896 Asise
616 843 708 914 populi
731 854 875 914 usurpant,
896 843 1004 904 Horon,
1026 843 1077 896 nisi
1100 842 1173 914 qnod
1194 843 1313 896 moribus
1333 841 1476 896 differunt.

410 925 509 978 Graccis
521 922 592 976 enim
606 941 685 974 ursam
704 934 808 975 tantum
821 939 930 976 uxorem
947 920 1044 975 ducere
1060 923 1097 976 las
1112 933 1181 988 erat,
1203 939 1287 994 quum
1310 921 1478 988 Mnhomed,

407 1023 440 1058 ex
452 1003 558 1074 antiqua
572 1003 689 1073 gentium
709 1002 882 1054 Asiaticorum
896 1000 1105 1067 consuetudine,
1120 1003 1222 1056 asseclis
1239 1003 1292 1056 suis
1307 1002 1396 1072 plsues
1415 1021 1479 1074 pen

409 1084 523 1148 miserit,
542 1101 595 1154 qua
611 1081 715 1134 licentis
730 1079 839 1135 ditiores
852 1080 939 1135 adhuc
955 1079 1090 1134 interdum
1108 1093 1229 1135 utuntur.
1249 1083 1369 1134 chenu
1381 1095 1478 1134 auctor

409 1177 460 1229 est,
477 1164 530 1234 jam
547 1162 612 1214 olim
630 1161 740 1214 feminas
753 1174 901 1232 separatum
917 1179 931 1211 a
947 1161 1011 1212 viris
1030 1158 1195 1213 domicilium
1216 1179 1364 1234 occupasse.
1392 1161 1477 1213 blon-

409 1255 473 1296 strat
488 1241 516 1295 id
535 1241 682 1311 exemplum
699 1240 860 1312 Penelopes,
874 1238 999 1311 Odyssean
1016 1240 1086 1292 libro
1101 1241 1124 1293 1.
1145 1240 1283 1294 Servatum
1301 1241 1381 1294 luisse
1394 1259 1475 1293 eum·

407 1321 470 1375 dem
491 1322 645 1374 Grecornm
672 1339 773 1372 rnorem
796 1319 914 1373 Cornelii
939 1319 1018 1372 etiam
1039 1332 1128 1385 aetate,
1162 1321 1311 1373 luculentus
1332 1319 1404 1374 testis
1431 1333 1476 1373 est

410 1403 542 1454 Vitruvius.
557 1401 583 1452 Is
597 1399 685 1464 enirn,
698 1399 733 1452 de
742 1399 924 1452 Architectura
934 1435 942 1461 ,
952 1399 971 1452 l.
980 1400 1036 1464 Vl,
1047 1420 1069 1453 c.
1083 1417 1132 1464 rc,
1143 1397 1216 1470 quod
1226 1400 1380 1454 inscribitur
1392 1417 1400 1452 τ
1411 1401 1476 1452 «ne

413 1481 588 1534 uGroeoorum
605 1478 777 1532 edificiorum
793 1497 939 1550 eorumque
952 1479 1068 1550 partium
1089 1477 1278 1551 dispositione,
1299 1493 1377 1551 utque
1392 1477 1474 1532 diffe-

412 1587 424 1609 ·
435 1560 554 1614 rentibus
563 1559 727 1624 nominibus,
736 1559 797 1610 satis
806 1559 840 1610 ab
848 1559 945 1611 Italicis
956 1559 1076 1612 moribus
1086 1571 1112 1610 et
1123 1559 1213 1612 usibus
1222 1557 1446 1631 discrepantihus;
1455 1583 1470 1605 ι

407 1659 463 1693 non
476 1641 563 1692 solum
579 1639 740 1692 mentionem
755 1639 817 1691 lacit
832 1636 1048 1708 gyneconitidis,
1067 1636 1205 1692 sedetiam
1220 1636 1315 1704 docet,
1335 1637 1473 1710 quomodo

412 1717 536 1772 edificata
549 1729 576 1770 et
593 1719 723 1771 instructa
741 1735 795 1770 esse
809 1717 899 1770 soleat.
929 1718 981 1770 ·1n
994 1717 1035 1769 his
1052 1717 1116 1770 locis
1130 1719 1260 1771 introrsus
1272 1720 1473 1771 constituuntur

411 1799 479 1850 -osci
494 1797 597 1869 magni,
612 1797 640 1848 in
656 1795 752 1868 quihus
771 1797 1025 1850 matresfamiliarum
1041 1815 1102 1849 cum
1119 1797 1241 1850 lanificiis
1260 1797 1359 1851 hahent
1377 1799 1472 1851 sessio-

411 1903 422 1924 ·
434 1896 548 1930 nes.......
571 1876 632 1928 Haec
644 1893 706 1948 pars
720 1874 823 1928 edificii
835 1881 993 1949 gyrroecouitir
1005 1877 1160 1947 appelletur.
1179 1903 1190 1923 s
1215 1877 1369 1948 Opponitur
1383 1895 1473 1950 gyne·

407 1953 518 2010 conitidi
532 1953 624 2006 andron
645 1973 691 2008 scu
712 1955 859 2017 cadmitis,
882 1955 915 2008 de
935 1973 985 2027 qua
1004 1956 1142 2008 Vitruvius
1157 1956 1176 2007 l.
1192 1973 1239 2008 οε
1270 1955 1378 2010 «Greci
1396 1957 1472 2010 enim

411 2037 551 2087 -ondmnos
573 2035 703 2107 appellant
721 2053 808 2094 moos,
827 2036 873 2089 uhi
894 2036 1015 2088 convivia
1036 2035 1119 2087 virilia
1142 2036 1227 2088 solent
1254 2053 1327 2101 esse,
1344 2035 1416 2108 qrrcd
1436 2055 1470 2089 eo

409 2141 420 2162 ι
432 2115 554 2168 mulieres
562 2133 617 2167 nou
630 2111 762 2168 accedant.
774 2139 784 2160 ι
808 2114 908 2168 Scitum
923 2115 973 2168 fuit
984 2115 1210 2186 DiogenisCynici
1220 2112 1254 2168 de
1267 2129 1380 2187 utraque
1392 2129 1468 2188 parte

406 2193 502 2248 adium
517 2191 634 2258 dictum,
650 2192 721 2266 quod
738 2194 818 2246 refert
832 2195 962 2266 Diogenes
975 2195 1103 2248 Laertius.
1125 2196 1215 2260 Quum
1226 2195 1298 2248 enirn
1312 2214 1344 2248 ex
1357 2212 1404 2262 eo,
1417 2197 1467 2248 La·

404 2272 554 2328 ccdurnone
573 2273 689 2327 Athenas
710 2273 855 2339 veniente,
884 2285 1013 2346 quereret
1034 2274 1148 2344 aliquis,
1169 2273 1240 2327 unde
1266 2275 1387 2341 reniret,
1409 2293 1464 2350 quo

407 2352 545 2407 tenderet?
557 2351 709 2425 respondit:
724 2353 763 2404 Ex
779 2352 950 2406 andronitide
965 2355 993 2405 in
1009 2354 1193 2424 gynaeconitin.

444 2433 493 2486 Vl.
507 2431 620 2486 Miltiad.
635 2433 724 2498 V1,3,
738 2445 899 2485 memoratur
913 2434 1017 2494 Poecile,
1034 2434 1150 2504 porticus
1163 2451 1209 2486 seu
1222 2446 1277 2486 stoa
1287 2435 1464 2499 Athenarum,

405 2515 433 2565 in
445 2531 497 2583 qua
510 2530 597 2584 pugna
611 2510 713 2583 depicta
726 2525 765 2564 est
775 2511 953 2576 Marathonis,
969 2513 1004 2565 its
1017 2523 1046 2563 ut
1058 2513 1085 2564 in
1096 2512 1187 2566 decern
1197 2527 1341 2585 pratorum
1354 2531 1465 2566 numero

403 2591 489 2664 prima
508 2590 634 2644 Miltiadis
649 2591 735 2662 imago
748 2604 904 2662 poneretur,
920 2592 993 2662 isque
1008 2591 1159 2645 hortaretur
1178 2593 1275 2646 milites
1292 2592 1464 2664 proliumque

402 2671 588 2725 committeret.
608 2667 652 2722 Ad
666 2669 851 2724 illustrandum
864 2671 936 2724 hunc
954 2672 1040 2723 locum
1057 2671 1125 2724 nihil
1137 2684 1223 2744 potest
1235 2691 1290 2724 esse
1305 2672 1464 2726 luculmtins

403 2751 491 2804 verbis
503 2751 553 2814 iis,
568 2751 665 2822 quihus
679 2769 742 2802 usus
756 2761 796 2804 est
807 2751 936 2803 AEsclincs
947 2751 974 2802 in
986 2751 1104 2804 oratione
1117 2749 1240 2805 adversus
1252 2751 1461 2824 Ctmiphontm.

403 2831 470 2884 Utar
489 2830 608 2884 versione
623 2829 766 2883 Lambini:
795 2857 806 2876 ι
818 2827 896 2883 Adite
915 2830 995 2901 igitur
1015 2830 1109 2882 animis
1124 2829 1157 2883 ad
1175 2831 1308 2902 porticum
1324 2831 1462 2884 Poecilen!

406 2911 546 2963 ·omnium
562 2911 633 2963 enirn
650 2928 740 2962 rerum
754 2909 937 2980 procinctum
956 2921 1045 2962 extant
1060 2911 1135 2963 vohis
1153 2911 1180 2962 in
1202 2911 1261 2963 foro
1282 2924 1462 2964 monumenta.

407 2987 499 3054 ·Quid
511 2989 654 3061 igiturest,
667 2989 852 3053 Athenienses,
865 2987 937 3060 quod
949 3008 997 3060 ego
1012 2987 1095 3042 dico?
1113 2989 1163 3044 Hic
1188 2989 1354 3043 Marathonia
1373 3009 1462 3061 pugna

377 3066 533 3140 *udepicta
555 3081 601 3122 est.
622 3069 689 3133 Quis
710 3080 766 3121 erat
786 3069 947 3140 imperator?
963 3100 1003 3112 --
1027 3069 1166 3121 Neminem
1190 3089 1251 3122 sane
1273 3081 1388 3122 restrum
1407 3089 1462 3124 csse

405 3161 510 3220 «puto,
530 3148 648 3219 quinon
668 3147 703 3200 its
719 3161 824 3219 rogatus
846 3146 1022 3220 respondeat:
1042 3147 1182 3202 Miltiades.
1204 3151 1237 3202 At
1256 3149 1310 3202 illic
1332 3167 1460 3221 nusquam

405 3255 416 3276 ι
427 3229 482 3297 ejus
497 3245 594 3279 nomen
610 3227 767 3298 inscriptum
779 3239 825 3280 est.
834 3259 875 3272 --
885 3227 959 3292 Quid
973 3227 1028 3280 ita?
1045 3246 1099 3280 non
1111 3229 1188 3300 petiit
1199 3227 1251 3280 hcc
1259 3229 1416 3300 premium?
1425 3261 1457 3272 -

405 3333 416 3354 ι
427 3305 507 3358 Petiit
521 3304 647 3377 quidem,
659 3305 706 3359 sed
715 3307 830 3380 populus
843 3325 897 3358 non
911 3306 999 3372 dedit,
1017 3325 1108 3360 verum
1123 3307 1147 3360 ei
1164 3325 1214 3380 pro
1232 3307 1348 3362 nominis
1369 3309 1463 3362 inseri·

405 3411 416 3432 ι
424 3385 516 3457 ptione
534 3385 676 3450 concessit,
690 3397 720 3438 ιιι
733 3385 835 3456 primus
848 3386 944 3440 milites
956 3386 1097 3440 cohortans
1112 3387 1273 3459 pingeretur.
1286 3412 1297 3434 ι

441 3463 515 3517 Patet
529 3481 561 3515 ex
576 3463 618 3517 his
635 3465 747 3519 oratoris
762 3465 864 3530 verbis,
882 3478 914 3519 ιιι
932 3479 959 3519 et
973 3485 988 3519 e
1004 3467 1140 3539 scriptoris
1153 3466 1272 3520 historici
1295 3467 1460 3531 narratione,

400 3563 463 3598 mcx
477 3555 536 3615 post
556 3561 671 3616 pugnarn
686 3543 898 3608 Marathoniam,
927 3543 1048 3598 Miltiade
1073 3543 1160 3600 adhuc
1181 3547 1286 3599 virente
1312 3558 1339 3598 et
1360 3545 1459 3610 libem,

400 3624 516 3678 tabulam
536 3622 605 3676 hanc
623 3643 678 3676 esse
702 3623 857 3678 conlectam.
889 3626 982 3696 Itaque
997 3623 1031 3677 ad
1048 3626 1185 3696 premium
1199 3624 1315 3678 Miltiadi
1330 3626 1459 3678 tribunam

399 3723 453 3756 non
469 3703 585 3776 pertinet
602 3702 646 3768 id,
660 3701 732 3776 quod
750 3705 845 3756 Plinius
863 3706 959 3770 refert,
976 3704 1044 3758 Hist.
1063 3705 1123 3758 Nat.
1140 3703 1255 3768 xm,
1278 3709 1309 3772 Β,
1339 3705 1460 3775 prolium

399 3783 594 3836 Marathoniam
606 3803 621 3835 a
632 3784 762 3850 Panenc,
772 3785 852 3837 fratre
864 3783 980 3850 Phidie,
992 3803 1047 3838 esse
1059 3785 1174 3855 pictum,
1189 3803 1238 3838 neo
1244 3783 1317 3855 quod
1326 3785 1458 3844 AEliorrus,

398 3864 445 3935 qui
458 3863 608 3934 Polygnoto
621 3863 718 3916 celebri
731 3863 875 3917 admodum
887 3864 983 3936 pictori
998 3863 1114 3934 ejusdem
1125 3865 1227 3935 generis
1238 3883 1306 3935 opus
1317 3864 1347 3916 in
1356 3863 1459 3917 Poecile

399 3943 506 4007 trihuit3
525 3942 553 3994 hi
568 3943 640 3996 enim
653 3941 708 3996 dno
723 3945 814 3996 multis
827 3955 887 4016 post
899 3961 1014 4016 puguant
1030 3943 1223 3997 Marathoniam
1241 3944 1317 3996 aunis
1331 3940 1457 4015 pingendi

399 4033 454 4074 orte
470 4021 657 4076 inclaruerunt.
678 4025 841 4076 honoratam
859 4023 948 4096 potius
968 4035 1028 4094 post
1040 4025 1187 4076 combustas
1202 4043 1218 4076 a
1231 4022 1320 4076 Xerxe
1331 4023 1460 4088 Athenas,

399 4118 445 4154 seu
460 4101 539 4154 etiam
555 4104 693 4174 repetitam
709 4103 750 4156 bis
767 4103 914 4174 pictoribus
931 4121 1025 4176 pugne
1043 4103 1216 4157 ldarathcniu
1238 4102 1353 4156 amdan
1368 4099 1457 4156 credo.
