3282 5156
335 484 339 494 ,
401 415 476 506 346
621 417 909 488 EXCURSUS
939 419 1231 488 Vlnlottnnt

366 535 371 542 ⁸
400 549 464 622 legit
476 549 512 601 ad
522 567 610 600 coeaam
623 561 673 609 est,
687 567 746 620 quas
758 547 867 620 quidem
879 551 932 619 jam
943 551 1095 620 oonjectura
1105 547 1351 615 luitFreinsbemii,
1364 549 1465 623 bingii,

401 630 527 694 Geaneri,
540 640 589 681 eto.
606 629 704 700 Ksppii
718 641 833 681 annotat.
848 627 909 681 vide
926 627 953 680 in
969 628 1110 701 Opusctdia
1123 629 1204 694 meis,
1215 647 1274 701 pag.
1286 629 1341 694 458
1354 649 1393 702 aq.
1409 635 1463 684 As-

401 727 505 763 sensnm
522 707 634 778 prebuit
651 707 684 760 cl.
701 709 901 782 Eergstressert
921 721 1013 762 contra
1027 708 1216 762 humanissimo
1231 709 1333 762 censori
1345 710 1375 761 in
1391 711 1461 764 bibl.

399 787 492 861 philol.
509 783 681 858 (Gottinge,
703 787 791 858 1773,
805 788 859 841 vol.
875 805 911 853 rr,
926 807 953 860 p.
967 785 1039 858 715)
1053 806 1111 841 mes
1126 791 1279 860 conjecturs
1288 791 1396 860 ejusque
1412 809 1460 844 ex·

400 867 507 940 plicatio
524 864 630 919 videtur
651 885 706 920 esse
721 865 793 920 band
808 867 869 920 satis
882 879 946 921 tuta.
968 867 1007 920 Cl.
1027 868 1162 920 Terclncle
1178 867 1254 922 malit
1273 869 1369 939 eligere
1383 869 1460 922 Heu-

398 945 746 1079 ssismilllllliil
761 947 1224 1080 Zillliiifllii‘sslffi
1247 949 1333 1079 ζῶ
1352 951 1460 1082 ''t“

398 1104 538 1177 disputat„
559 1117 697 1176 postquam
718 1107 852 1159 variorum
873 1045 1011 1159 VVi'DD.
1028 1045 1379 1177 examiiavit'oiisjiciiioz
1394 1047 1460 1160 uii-

398 1183 459 1238 dem
477 1186 564 1238 locum
582 1182 683 1256 judicat
700 1183 766 1238 adeo
779 1198 951 1256 corruptum,
971 1187 1072 1240 IEmilii
1091 1185 1198 1239 fortasse
1215 1187 1297 1238 Probi
1315 1187 1408 1257 culpa,
1425 1203 1459 1240 ut

398 1265 570 1336 probabiliter
582 1283 631 1316 nec
647 1263 771 1335 explicari
789 1265 885 1336 possit,
902 1284 951 1318 nec
967 1255 1115 1319 'emendari
1132 1265 1181 1318 llis
1193 1264 1401 1336 scriptis,incidi
1427 1268 1459 1319 in

397 1343 439 1397 lo.
458 1343 562 1412 Godosr.
578 1343 751 1406 Selickedanz,
767 1345 887 1398 Hectoris
901 1344 996 1398 schole
1009 1345 1128 1409 Bessum,
1141 1344 1321 1416 prolusionem
1333 1345 1458 1398 scholast.

397 1423 515 1476 decidua
533 1423 653 1476 hoamen
669 1424 705 1476 ad
721 1443 814 1476 scetem
830 1437 910 1486 eam,
926 1425 1034 1478 Dossaa.
1054 1427 1144 1495 1780,
1160 1431 1195 1490 4,
1214 1441 1237 1478 ι.
1252 1425 1322 1496 plag·
1336 1425 1458 1477 Primum

397 1522 490 1556 scenam
502 1503 611 1568 retinet,
625 1516 651 1556 et
662 1503 783 1575 intelligit
793 1505 951 1575 palestram,
966 1505 1111 1576 precipue,
1124 1523 1206 1576 quum
1214 1503 1312 1575 Sparte
1320 1501 1458 1575 quoddam

396 1594 463 1635 esset
474 1583 608 1654 virginum
621 1601 701 1636 cursu
718 1595 849 1636 certarnen
869 1585 1073 1656 gymnasticum,
1092 1602 1141 1638 nec
1153 1603 1216 1636 vero
1235 1585 1348 1655 puellas,
1362 1583 1457 1646 docet,

397 1675 512 1728 tanturn,
527 1659 683 1734 easdemque
700 1663 838 1716 maximnm
850 1675 952 1734 partem
969 1662 1115 1717 denudatos
1131 1665 1200 1716 inter
1219 1681 1247 1714 se
1265 1675 1388 1726 certasse,
1407 1661 1459 1715 sed

395 1743 473 1794 etiam
487 1759 546 1794 curn
557 1740 765 1796 adolescentibus
776 1743 804 1796 in
815 1743 955 1814 gymnasiis
966 1761 1104 1796 consuesse
1114 1742 1190 1796 simul
1200 1761 1310 1814 corpora
1321 1760 1457 1806 eneruem

395 1819 565 1873 nudationem
579 1821 650 1872 illam
667 1841 722 1874 non
736 1823 815 1876 ltsisse
834 1835 953 1894 turpem,
967 1822 1012 1876 sed
1029 1821 1174 1894 simplicem
1191 1821 1332 1892 quamdam
1347 1839 1458 1874 conane·

395 1899 528 1965 tudinem,
552 1898 586 1952 ad
603 1904 686 1971 majus
704 1903 823 1972 corporis
835 1903 919 1955 robur
936 1915 963 1956 et
981 1901 1015 1955 ad
1029 1903 1134 1974 nuptias
1153 1899 1329 1954 conciliandas
1350 1913 1455 1971 aptam,

396 1997 445 2034 uec
457 1977 523 2032 adeo
535 1979 622 2034 viduis
634 1999 740 2052 quoque
755 1980 899 2053 indignam.
917 1981 1003 2045 Tum,
1017 1983 1039 2035 si
1052 1982 1096 2035 cui
1105 1981 1149 2034 illa
1159 1981 1289 2052 expositio
1305 1979 1456 2051 displiceat,

395 2056 619 2124 emendationem,
632 2081 721 2112 mnam
734 2060 915 2126 commendat,
929 2061 956 2116 b.
970 2080 994 2115 e.
1008 2061 1174 2122 convivium,
1184 2061 1316 2132 precipue
1325 2059 1365 2122 id,
1380 2059 1456 2130 quod

396 2139 475 2200 listris
490 2137 643 2205 dicebatur,
659 2153 686 2193 et
698 2153 771 2196 extra
784 2141 877 2195 urbem
889 2141 918 2194 in
931 2141 1052 2195 tentoriis
1062 2141 1262 2196 instituebatur:
1276 2139 1310 2194 ed
1322 2138 1394 2210 quod
1403 2139 1456 2194 illa

394 2217 511 2272 viduus
530 2220 618 2290 procia
636 2221 724 2274 lorsass
739 2220 859 2274 mercede
878 2219 1016 2274 conductu
1032 2219 1205 2275 ducebantur.
1226 2221 1345 2291 Denique
1359 2221 1455 2290 probat

394 2299 530 2369 volgatum
541 2299 576 2350 ad
584 2319 676 2352 scaram
682 2319 693 2360 ,·
706 2299 781 2354 addit
789 2319 854 2354 vero
866 2301 1005 2354 eteberius
1013 2302 1138 2373 exponit,
1151 2299 1306 2354 Cornelium
1315 2317 1370 2352 non
1381 2299 1454 2369 loqui

393 2376 427 2432 de
438 2379 547 2431 vetustis
563 2377 823 2434 Lacedaemoniorum
842 2381 974 2448 moribus,
990 2379 1083 2434 redde
1096 2381 1144 2446 iis,
1160 2379 1207 2450 qui
1219 2397 1270 2432 suo
1284 2397 1339 2432 asso
1356 2379 1454 2448 viguis-

393 2468 463 2521 sent,
473 2456 591 2530 adeoque
597 2459 728 2532 oormptir
742 2472 769 2513 et
780 2457 905 2531 perditis,
915 2461 1030 2514 incenis
1040 2460 1114 2514 luxui
1122 2497 1130 2524 ,
1138 2459 1240 2513 deliciis
1247 2472 1273 2512 et
1284 2475 1348 2514 suro
1360 2475 1453 2528 argm-

393 2547 474 2608 toque
490 2535 604 2592 sdsuelis
622 2556 629 2591 :
656 2538 748 2593 riduss
761 2540 844 2610 igitur
856 2539 897 2592 rel
912 2541 1015 2594 nobiles
1033 2541 1079 2594 illa
1098 2551 1277 2609 tempestates
1300 2537 1453 2610 spectaculis

392 2618 500 2670 scenicis
521 2631 548 2670 et
570 2616 680 2672 ludicris
704 2619 804 2674 artibus
817 2658 828 2685 ,
851 2619 972 2674 mercede
998 2617 1156 2687 conductas,
1182 2617 1255 2672 baud
1276 2617 1452 2672 sbborruisse.

395 2697 425 2750 T.
440 2697 472 2750 C·
486 2699 597 2750 Harless.

429 2817 597 2887 Mrsrrtnas,
612 2821 648 2884 V,
661 2841 687 2893 p.
705 2823 749 2876 13.
770 2821 841 2874 Nova
852 2834 914 2880 arte,
928 2824 957 2872 vi
970 2834 1227 2892 stamma....namque
1240 2817 1452 2871 arbores....eraat

390 2909 482 2950 strate.
504 2897 612 2954 Schedae
625 2901 739 2966 Gilanii,
755 2921 818 2954 nona
827 2905 906 2972 partis
921 2921 1019 2954 summa.
1034 2899 1171 2954 Savaronis
1182 2912 1208 2951 et
1217 2898 1318 2950 Schotti
1330 2898 1392 2950 libri
1406 2919 1451 2950 an·

390 2979 470 3050 tiqui,
485 2981 509 3032 irs
521 2994 594 3050 parte
606 2985 690 3034 montis
702 3001 804 3043 summa,
821 2999 901 3052 quam
913 2981 1069 3054 scripturam
1083 2993 1109 3033 et
1122 2979 1244 3032 schottus
1257 2977 1366 3050 probat;
1380 2975 1451 3050 quod

390 3057 536 3113 admontis
555 3059 650 3132 pedem
663 3061 757 3114 instrui
778 3061 845 3114 scies
859 3061 962 3132 potuit,
980 3079 1068 3132 pugna
1085 3079 1148 3112 vero
1166 3057 1198 3110 nd
1214 3058 1312 3110 montis
1326 3059 1450 3111 verticem

390 3139 534 3205 committi,
551 3155 674 3212 urgente,
692 3153 723 3194 ut
736 3139 778 3206 iit,
795 3139 885 3193 hostili
900 3141 963 3193 acie.
990 3139 1042 3192 Sed
1056 3140 1112 3193 baso
1129 3139 1151 3192 si
1167 3135 1338 3192 examinanda
1352 3137 1450 3204 sormi,

390 3234 510 3287 maguam
527 3221 628 3290 singula
644 3219 752 3274 Schotto
768 3217 951 3273 difficultatem
966 3217 1145 3292 respondendi
1160 3218 1293 3271 allerrent.
1307 3217 1375 3269 Mihi
1392 3225 1450 3289 per·

390 3293 488 3348 suadeo
499 3299 574 3351 altius
587 3297 739 3352 delitescere
755 3299 841 3364 ulcus,
855 3317 933 3371 quam
948 3312 978 3351 ut
993 3319 1023 3352 er
1036 3299 1142 3371 ingenio
1156 3299 1212 3351 sine
1225 3295 1311 3352 Codd.
1324 3295 1386 3349 Mss.
1402 3315 1451 3368 ope

389 3373 447 3428 tolli
455 3377 544 3448 possit.
553 3379 663 3432 Interim
677 3397 738 3430 nova
750 3391 802 3430 arte
810 3379 872 3434 licet
884 3399 977 3450 capere
990 3393 1161 3451 strategema,
1174 3397 1227 3450 quo
1241 3385 1332 3429 contra
1343 3377 1450 3428 immen-

390 3475 445 3508 sam
461 3455 637 3512 barbarorum
653 3457 850 3512 multitudinem
865 3459 932 3514 acies
949 3461 1018 3514 inter
1034 3461 1158 3512 orborum
1178 3469 1291 3520 tractus,
1307 3457 1335 3509 in
1355 3455 1451 3510 montis

388 3533 523 3590 radicibus
534 3537 674 3593 instructa:
683 3541 732 3591 uim
741 3559 936 3602 remeatremeat,
949 3539 1108 3592 alacritatem
1117 3535 1253 3610 pugnandi
1260 3534 1450 3600 incredibilem,

389 3627 416 3667 et
429 3616 552 3672 vincendi
566 3617 705 3684 fiduciam,
724 3619 769 3694 qui
783 3621 861 3674 asuia
874 3621 964 3674 castris
979 3631 1039 3672 octo
1051 3617 1105 3672 iere
1118 3617 1200 3671 stadia
1214 3617 1242 3669 in
1255 3615 1379 3670 barbaros
1392 3635 1451 3686 pro-

389 3711 533 3750 currerent.
547 3699 809 3774 AppositeVegetius
822 3701 868 3754 lib.
878 3720 904 3766 r,
917 3720 974 3770 cap.
990 3718 1001 3752 ι
1015 3717 1021 3752 :
1043 3699 1072 3752 ln
1086 3699 1149 3750 omasi
1158 3698 1245 3768 prelio
1255 3715 1302 3748 stoa
1316 3707 1363 3746 tans
1375 3695 1451 3746 multi·

390 3777 448 3828 tado
460 3791 485 3828 ee
494 3783 571 3832 uirtus
585 3781 693 3843 indocta,
710 3801 780 3854 quam
795 3801 835 3832 ors
846 3793 871 3831 et
881 3782 1015 3832 exercitium
1027 3780 1103 3830 solent
1111 3789 1228 3849 prestare
1239 3779 1372 3828 ot'cloriam.
1386 3773 1451 3826 Geb-

389 3855 459 3909 dard.
475 3859 619 3914 Lambinus
632 3861 779 3933 transponit
792 3861 843 3914 boc
858 3873 953 3932 pacto:
970 3859 1066 3911 Deinde
1076 3869 1172 3929 postem
1183 3857 1222 3908 dte
1235 3856 1280 3908 suh
1293 3858 1374 3907 montis
1388 3853 1453 3905 rudi-

388 3935 454 3988 cibus
465 3944 515 3990 acic
528 3961 541 3991 e
554 3943 650 4012 regione
664 3944 790 4002 instructa,
804 3942 848 3992 loc
861 3941 970 4001 consilio,
981 3952 1008 3990 ut
1019 3952 1041 3990 et
1057 3949 1129 3991 morri.
1143 3951 1190 4008 leg.
1204 3935 1301 3988 ahilud„
1313 3947 1335 3986 et
1344 3933 1451 3986 ardorum

389 4023 467 4068 imm
484 4019 504 4075 (
503 4040 602 4094 namque
617 4019 711 4074 arbores
728 4022 807 4074 multis
821 4017 878 4073 iocis
891 4031 960 4074 erant
972 4019 1055 4078 rare)
1072 4021 1144 4092 equit.
1161 4017 1221 4070 hose.
1244 4015 1329 4088 impeti.
1345 4035 1374 4066 rte
1388 4013 1453 4066 stult.

389 4093 576 4161 clauderentum
596 4121 657 4154 nora
671 4113 736 4164 arte,
750 4105 777 4152 oi
789 4117 849 4154 snm.
864 4098 935 4174 prol.
952 4103 1123 4153 commiserunt.
1141 4097 1167 4152 Si
1183 4097 1303 4168 vulgatus
1318 4091 1386 4148 ordo
1402 4111 1455 4147 ser·
