3200 5130
385 447 433 546 78
650 446 919 516 coenum
946 445 1179 516 neeorrs

381 577 606 664 terrestribus,
625 578 729 648 tribus
751 575 920 648 navalibus
941 579 1002 648 :in
1023 577 1140 672 quibus
1158 577 1317 650 ducentas
1340 605 1443 652 naves

382 688 531 756 triremes
550 687 741 771 amiserant,
759 709 831 778 que
849 697 953 778 capte
973 685 1009 752 in
1035 683 1178 754 hostiurn
1201 703 1361 758 venerant
1381 713 1442 783 po·

382 807 541 862 testatem.
559 788 741 860 Alcibiades
760 788 855 859 simul
873 814 950 860 eum
964 787 1096 884 collegis
1110 806 1280 886 receperat
1292 793 1443 880 Ioniam,

383 897 656 992 Hellespontum,
681 895 800 966 multas
826 911 983 990 praeterea
1006 895 1104 964 urbes
1129 899 1283 986 Graecas,
1304 925 1378 994 quse
1406 903 1442 970 in
1553 929 1557 936 ·

383 1029 442 1074 ore
463 1006 530 1074 sitae
552 1007 629 1072 sunt
651 1003 752 1088 asie,
771 1026 911 1096 quarum
932 1018 1161 1096 expugnarant
1182 1003 1387 1100 complures;
1406 1009 1442 1074 in

336 1137 338 1147 ¹
382 1111 433 1180 his
444 1107 663 1204 Byzantium⁹.
680 1110 797 1202 Neque
806 1109 913 1176 minus
928 1107 1047 1178 multas
1062 1109 1249 1178 consilioad
1264 1113 1442 1182 amicitiam

381 1216 613 1311 adjunxerant,
631 1213 721 1310 quod
740 1217 774 1282 in
794 1229 907 1308 captos
929 1213 1102 1284 clementia
1121 1215 1252 1284 sueram
1272 1219 1331 1286 usi.
1356 1219 1441 1287 Inde.

382 1322 493 1417 proeda
508 1319 659 1408 onusti¹⁰,
669 1319 867 1414 locupletato
881 1323 1043 1408 exercitu,
1058 1323 1208 1392 maximis
1218 1321 1316 1393 rebus
1325 1327 1441 1418 gestis,

381 1428 527 1500 Athenas
547 1441 719 1496 venerunt.

434 1537 494 1606 vl.
519 1534 578 1602 His
602 1557 704 1627 qutun
725 1529 878 1602 obviam¹
903 1533 1055 1602 universa
1078 1534 1194 1602 civitas
1220 1535 1255 1600 in
1280 1536 1440 1604 Piraeeum

381 1638 617 1727 descendisset,
639 1652 730 1708 unta
756 1635 817 1708 fuit
846 1639 995 1706 omnium
1022 1641 1206 1733 expectatio
1234 1640 1361 1710 visendi
1383 1641 1440 1710 Al·-

382 1745 535 1830 cibiadis,
553 1759 591 1816 ut
611 1744 653 1814 ad
673 1744 743 1838 ejus
762 1745 930 1814 triremem
949 1743 1067 1838 vulgus
1087 1744 1285 1834 conflueret,
1302 1747 1439 1842 perinde

383 1877 422 1922 au
438 1853 463 1922 si
486 1850 574 1922 solus
592 1850 786 1920 advenisset.
809 1850 863 1922 Sic
881 1851 967 1920 enim
987 1849 1112 1945 populo
1132 1865 1204 1920 eret
1223 1877 1441 1947 persuasum,

382 1973 417 2028 et
425 1957 578 2028 adversas
591 1958 792 2050 superiores,
812 1970 845 2030 et
858 1970 1034 2050 presentes
1048 1957 1207 2034 secundas
1221 1983 1273 2027 res
1283 1959 1439 2028 eccidisse

381 2064 454 2158 ejus
472 2088 583 2160 opera.
605 2067 722 2156 Itaque
741 2076 774 2130 et
793 2061 909 2132 Sicilie
928 2061 1114 2148 amissum¹,
1125 2077 1161 2132 et
1173 2064 1440 2134 lacedemonio-

383 2195 457 2240 rum
479 2171 632 2239 victorias
653 2167 758 2262 culpae
781 2193 847 2237 suae
869 2167 1077 2257 tribuebant,
1097 2168 1186 2263 quod
1209 2169 1306 2239 telem
1329 2173 1437 2240 virum

381 2302 401 2346 e
417 2277 549 2345 civitate
568 2273 775 2369 expulissent.
794 2275 911 2368 Neque
924 2274 957 2342 id
971 2276 1041 2343 sine
1060 2299 1159 2344 eausa
1177 2276 1329 2344 arbitrari
1342 2277 1437 2345 vide-

382 2383 523 2458 bantur:
540 2407 616 2450 num
635 2395 807 2476 postquam
827 2382 983 2449 exercitui
1000 2405 1139 2476 praeesse
1154 2397 1314 2476 coeperat,
1330 2407 1437 2484 neque

381 2503 469 2558 terra
490 2513 596 2583 neque
608 2487 690 2556 mari
703 2487 815 2558 hostes
825 2511 919 2580 pares
935 2512 1007 2556 esse
1025 2501 1211 2582 potuerant.
1228 2490 1291 2558 Hic
1310 2502 1347 2557 ut
1361 2491 1438 2558 navi

380 2619 531 2691 egressus
549 2607 618 2682 est,
636 2615 823 2688 quenquam
840 2593 1061 2662 Theramenes
1080 2607 1115 2660 et
1131 2593 1355 2688 Thrasybulus
1375 2597 1437 2664 eis-

380 2701 456 2770 dem
478 2701 576 2770 rebus
598 2699 818 2794 praefuerant,
838 2697 998 2794 simulque
1018 2713 1177 2767 venerant
1197 2701 1230 2766 in
1254 2701 1438 2786 Piraeeum,

377 2915 492 2974 perflent.
510 2903 574 2956 Post
589 2901 708 2954 navalem
724 2917 840 2972 pugnem
852 2897 887 2952 ed
929 2897 1070 2961 diderunt,
1083 2917 1169 2970 neque
1184 2900 1212 2952 in
1225 2919 1269 2954 eos
1285 2903 1434 2956 sevierunt.

381 2983 509 3054 Cyzicum
527 2993 682 3052 pugnatam,
698 2980 727 3032 in
748 2997 799 3050 qua
819 2979 888 3032 Min·
929 2977 1039 3032 Diodor.
1052 2979 1132 3042 xffl,
1147 2983 1193 3048 67.

380 3061 473 3122 dorus,
495 3057 753 3114 Lacedaemoniorum
773 3059 886 3129 impera·
970 3076 1011 3110 ro.
1029 3059 1120 3110 Praedo
1132 3063 1217 3112 onmrr'.
1236 3058 1306 3112 Vide
1319 3059 1430 3120 Diodor.

381 3142 483 3206 romb
492 3135 627 3192 hleibiede
639 3137 886 3202 intetecrusesrmr
928 3137 1007 3203 xm,
1022 3139 1067 3192 68.

381 3219 490 3272 tradunt
505 3217 628 3288 Xenopb.
647 3216 682 3270 de
696 3217 777 3270 rebus
789 3216 885 3284 Grec.;
968 3215 1088 3270 Car.V1.
1100 3235 1123 3270 r.
1133 3218 1181 3269 Hir
1194 3219 1431 3290 qemohrrirmett.

381 3296 673 3359 Plutarchurinhlcib.;
680 3296 883 3368 Polyeu.1‚etc.
926 3297 995 3367 Lege
1010 3314 1069 3368 quse
1080 3294 1113 3350 de
1127 3297 1265 3368 magnifico
1278 3311 1304 3352 et
1319 3298 1434 3370 glorioso

421 3397 447 3447 9.
459 3377 697 3447 reserpentem.
710 3375 884 3430 Hencurbem
926 3374 1068 3430 Alcibiadis
1088 3376 1177 3430 reditu
1196 3378 1297 3450 scripte
1317 3378 1431 3449 relique·

380 3457 643 3529 proditionecaptrm
655 3455 735 3510 refert
749 3457 883 3527 Xenopb,
925 3468 990 3510 runt
998 3455 1162 3527 Xenophon,
1171 3457 1197 3522 1,
1209 3458 1262 3510 ller
1277 3457 1431 3523 omum-

378 3536 600 3610 proditorumque
621 3536 744 3604 nomina,
762 3537 832 3589 libro
854 3537 882 3601 1,
925 3553 991 3599 nus,
1008 3535 1049 3600 V,
1065 3543 1096 3601 4,
1110 3548 1137 3588 et
1152 3535 1309 3590 Pluructus
1322 3538 1352 3590 in
1366 3537 1429 3590 rita.

377 3629 503 3672 recenset.
526 3618 586 3682 Qua
609 3613 642 3668 de
664 3635 693 3670 re
715 3617 883 3671 conoentiuut
967 3636 992 3670 a.
1009 3615 1099 3669 Sicilie
1116 3621 1235 3677 eruissem.
1259 3608 1332 3678 Ᾰπαξ
1352 3619 1430 3688 palin

377 3697 660 3760 Diodorus,xt11‚66
669 3708 709 3759 ,et
716 3695 880 3755 Plutarchus.
923 3694 971 3758 Est
984 3696 1032 3766 qul
1049 3695 1113 3766 legit
1127 3695 1262 3750 adeum.
1273 3695 1352 3748 -Id
1367 3699 1434 3764 quod,

313 3795 315 3801 “
376 3777 534 3831 ——Consr'lio.
544 3777 606 3842 Quo
614 3775 724 3828 oonsilio
733 3777 827 3830 multae
836 3776 882 3826 at·
923 3776 1431 3845 nquuamanteaurnvenerat,etc.l'rio·

376 3857 491 3911 cibiadee
503 3857 553 3910 sibi
566 3857 644 3910 nrbes
650 3853 881 3925 adjunxerimus
922 3871 964 3906 res
979 3872 1033 3909 non
1049 3867 1127 3926 neget
1142 3854 1222 3908 duces
1230 3850 1335 3910 loronii
1351 3856 1431 3910 brissi·

376 3937 831 4009 rmnr.sumg.11‚5,sr;111‚2‚
846 3937 879 4000 6,
922 3933 1081 3999 bonoratur.
1101 3933 1147 3988 sed
1162 3935 1229 3988 nulli
1246 3949 1342 4006 preter
1358 3937 1429 3990 Alci·

375 4017 878 4086 et111‚9,6.-Clemeotiafuerunturr'.
922 4012 1028 4086 biadem
1048 4015 1075 4068 in
1092 4014 1208 4086 ingressu
1224 4015 1304 4070 fuisse
1320 4016 1429 4087 evulgo

375 4097 441 4150 Nem
458 4097 609 4166 Byzantinis
625 4115 697 4150 ruam
709 4097 803 4150 urbem
818 4091 878 4148 red·
923 4095 1072 4164 promiscue
1081 4094 1193 4164 ingestas
1204 4095 1350 4150 contendit.
