3200 5120
373 545 419 590 η
732 519 1065 588 TESTIMONIA

371 677 474 746 quum
494 650 547 721 ille
568 652 610 722 ad
629 676 682 720 me
697 651 851 729 misisset,
866 650 961 719 avide
979 649 1088 744 legere
1102 650 1196 743 coepi.
1212 651 1340 721 Titulus
1358 667 1429 722 erat

370 758 560 852 hujusmodi
584 784 591 826 :
615 760 787 826 AEMYLII
809 759 943 826 PROBl
971 759 1033 825 DE
1060 757 1429 828 IMPERATORIBUS

371 863 656 934 EXTERARUM
677 865 893 933 GENTIUM
921 865 1062 931 LIBER.
1085 863 1172 931 Finis
1191 861 1265 930 libri
1278 917 1295 962 „
1309 866 1335 933 si
1361 867 1428 958 epi·

373 993 521 1064 gramma
535 970 633 1038 Probi
642 969 789 1060 ejusdem
797 1021 807 1056 ,
815 968 905 1062 quod
918 993 1031 1037 noser
1042 969 1178 1037 vetustis
1188 969 1429 1064 exemplaribus

371 1079 406 1144 in
425 1074 562 1170 epistola
577 1075 618 1144 ad
641 1077 841 1171 Gregorium
859 1072 1070 1170 Angelerium
1090 1088 1124 1143 et
1141 1073 1279 1143 Paulum
1298 1078 1429 1170 Ligium

371 1183 562 1276 posuimus,
583 1183 743 1276 excipias,
762 1179 866 1275 qualis
890 1182 924 1250 in
946 1179 1186 1274 vulgarioribus
1204 1180 1380 1251 codicibus.
1400 1185 1430 1252 E

371 1289 485 1358 scribae
504 1313 585 1358 vero
605 1313 728 1382 penore
743 1287 890 1380 subjecta
903 1285 1005 1354 verba
1021 1311 1029 1353 ε
1051 1288 1260 1381 Completrun
1275 1305 1327 1357 ese
1341 1313 1430 1384 opus

371 1396 518 1488 AEmylir'
537 1393 645 1464 Probi
670 1394 818 1465 Cornelii
835 1395 992 1488 Nepotis.
1011 1393 1092 1461 Post
1110 1407 1328 1486 praenotatum
1347 1396 1429 1463 titu-

370 1497 439 1568 lum
459 1500 529 1568 lraec
547 1525 582 1568 se
602 1499 683 1568 mibi
701 1500 811 1569 statim
828 1499 950 1583 verba,
970 1498 1162 1567 obtulerunt
1181 1524 1187 1566 :
1213 1501 1296 1570 Non
1313 1499 1430 1570 ὠιὸὶιο

358 1605 650 1700 fhreplerosque‚
661 1611 723 1700 qru'
732 1609 864 1676 Attr'coe
871 1605 935 1674 hoc
945 1629 1055 1700 gemas
1065 1611 1243 1700 scriptume
1256 1608 1337 1692 leve,
1351 1621 1431 1692 etc.;

372 1735 444 1805 quae
460 1710 557 1780 lectio
573 1710 777 1806 probabilior
797 1736 856 1798 ea,
874 1735 947 1805 quae
965 1713 999 1780 in
1017 1711 1171 1780 omnibus
1191 1710 1326 1807 reliquis
1341 1711 1430 1782 codi-

373 1816 477 1904 cibus,
486 1843 569 1911 quos
579 1841 641 1913 ego
653 1817 799 1914 legerim,
808 1818 912 1886 videri
919 1830 1038 1912 potest,
1046 1843 1147 1911 quum
1160 1815 1261 1886 illisio
1271 1817 1430 1888 habeant:

372 1925 456 1993 Non
484 1923 601 1992 darbito
629 1925 716 2026 flare
743 1925 949 2019 plerosque,
982 1925 1100 1993 Attae
1110 1977 1120 2009 ,
1150 1929 1211 2018 qui
1237 1924 1302 1992 lroc
1322 1948 1433 2018 gemas

372 2035 551 2123 scripturae
568 2033 648 2116 leve,
670 2045 730 2100 etc.
748 2029 1023 2123 Quandoquidem
1037 2031 1226 2123 neutiquam
1240 2028 1365 2099 frivolis
1379 2055 1430 2099 ar·

373 2137 538 2229 gumentis
547 2136 617 2229 jam
630 2135 690 2205 fuit
705 2137 849 2206 incitata
862 2135 999 2231 epistola
1014 2159 1033 2202 a
1045 2135 1139 2204 nobis
1154 2135 1432 2226 demonstratum,

373 2239 540 2310 AEmilium
556 2241 700 2311 Probum
716 2244 889 2336 Pomponii
903 2243 1002 2311 Attici
1016 2255 1218 2312 coaetaneum
1233 2267 1300 2311 non
1314 2241 1431 2312 fuisse:

372 2348 451 2440 quin
474 2373 557 2442 opus
576 2347 640 2417 lroc
655 2347 842 2418 Theodosio
859 2350 1057 2443 Imperatori
1074 2372 1144 2417 esse
1160 2347 1323 2432 dicatum;
1338 2349 1433 2442 cujus

373 2454 421 2520 rei
435 2455 637 2548 epigramma
652 2452 731 2522 illud
748 2453 790 2522 ad
800 2454 1022 2524 Theodosium
1038 2455 1183 2550 praebeat
1198 2457 1432 2524 testimonium.

373 2559 564 2654 Aprincipe
577 2573 687 2628 autem
702 2563 838 2631 Groeciae
850 2564 981 2630 civitate
993 2586 1084 2630 suam
1096 2563 1305 2654 scriptionem
1321 2561 1434 2656 appel-

373 2663 420 2732 lat
439 2667 611 2750 Atticum,
637 2666 727 2761 quod
751 2671 944 2737 Graecorum
971 2670 1205 2759 imperatorum
1230 2667 1314 2732 vitas
1336 2690 1435 2735 com·

373 2769 508 2865 plexura
528 2787 630 2860 essct,
653 2771 730 2842 licet
748 2773 780 2842 id
799 2799 866 2866 non
886 2771 1063 2841 admodum
1083 2771 1215 2864 proprie
1236 2769 1361 2838 dictum
1385 2775 1434 2840 vi·

373 2877 509 2966 deatur,
530 2904 632 2973 quum
652 2904 804 2948 sermone
823 2893 935 2946 utatur
954 2877 1088 2962 latino,
1114 2899 1182 2942 non
1207 2878 1335 2945 Graeco.
1366 2877 1433 2947 Sed

372 2983 476 3052 dices:
487 2987 601 3072 Quum
615 2984 698 3052 duos
714 2982 766 3050 ille
782 2983 882 3052 libros
897 2983 1079 3076 scripserit,
1093 3005 1235 3075 quorum
1252 2983 1434 3076 posterior,

372 3103 410 3157 ut
440 3092 579 3183 ipsemet
609 3103 772 3176 testatur,
803 3095 896 3158 ortas
931 3091 1161 3158 Romanorum
1191 3091 1433 3184 imperatorem

373 3197 571 3276 contineret,
594 3218 633 3262 ac
657 3193 805 3289 praelatio
828 3194 989 3263 ambobus
1013 3193 1196 3262 communis
1223 3193 1321 3263 luisse
1341 3193 1432 3264 credi

374 3303 493 3395 possit,
510 3325 594 3394 quos
613 3299 692 3369 libri
711 3324 793 3368 voce
814 3299 1044 3395 appellaverit,
1063 3300 1232 3394 inquiens,
1246 3304 1280 3369 Ε
1282 3317 1297 3367 t
1313 3305 1350 3369 in
1368 3301 1434 3371 boc

227 3417 232 3426 “
374 3430 582 3502 concitemus
606 3406 691 3475 labro
710 3405 754 3475 de
773 3413 848 3475 urla
863 3409 1095 3476 excellentium
1119 3411 1377 3501 tmperotorwu,
1396 3423 1434 3477 ut

315 3521 318 3528 ’
373 3515 471 3581 etiam
491 3511 605 3582 titulus
620 3511 815 3582 Aldinorum
831 3512 1067 3608 exemplarium
1079 3512 1299 3598 demonstrat3
1314 3514 1432 3581 rationi

374 3619 628 3713 haudquaquam
640 3634 690 3688 est
700 3634 956 3688 consentaneum
965 3621 1137 3704 ‚Attr'com
1148 3617 1212 3687 dici
1221 3620 1432 3712 scripturam,

248 3781 263 3814 ,
374 3751 447 3819 quaa
470 3751 561 3819 aeque
587 3739 621 3793 et
644 3727 779 3795 Graecos
800 3741 834 3793 et
858 3727 993 3794 latinos
1016 3727 1230 3818 imperatores
1256 3725 1430 3794 contineat.

374 3831 590 3926 Respondeo,
618 3831 842 3926 praefationem
870 3831 958 3900 banc
975 3831 1016 3900 ad
1042 3833 1184 3925 priorem
1209 3831 1368 3899 duntaxat
1389 3827 1431 3895 li·-

366 3937 470 4018 ‚brum
484 3941 657 4032 pertinere,
671 3939 816 4032 quumin
830 3961 868 4006 ea
883 3934 972 4006 nulla
980 3938 1175 4006 Latinorum
1184 3935 1271 4006 facta
1285 3936 1328 4002 sit
1338 3957 1430 4002 men·

375 4043 438 4126 tio,
456 4042 633 4139 dequibus
651 4043 753 4114 altera
769 4045 921 4138 privatim
939 4042 1149 4138 praefatione,
1167 4065 1240 4136 quae
1258 4039 1431 4134 posteriori

373 4145 458 4216 libro
470 4150 604 4242 praefixa
622 4151 662 4219 de
681 4175 773 4221 more
794 4153 851 4238 sit,
873 4148 1071 4244 loqueretur.
1092 4147 1192 4239 Quod
1208 4170 1288 4216 vero
1305 4158 1432 4241 spectat
