3212 5118
348 495 1014 564 cuunnuusomnnnsmo
1132 499 1201 574 381
1283 585 1285 590 ,

133 626 253 697 aliquot
269 624 341 676 locos
360 623 490 695 excipias,
512 623 540 674 in
562 641 594 675 eo
613 622 728 676 inveniri
748 641 824 693 posse
841 635 927 693 puto,
948 643 1006 696 qua
1023 627 1146 682 lectorem
1164 635 1206 684 vel

135 705 262 758 minime
274 715 404 769 moretur;
424 704 452 756 in
469 703 591 755 omnibus
607 719 700 773 magua
718 713 758 755 est
772 703 928 773 superbissimi
940 705 1004 756 illisu
1017 711 1108 759 auriam
1118 711 1207 779 judicii

133 784 314 848 reverentia;
334 783 362 835 iu
379 783 502 836 omuibus
513 782 641 853 exquisita
655 782 795 853 elegantia,
815 781 933 835 miranda
948 785 1095 856 proprietas
1111 791 1206 842 verbo-

136 883 229 929 rum,
245 863 432 916 absolutissima
443 863 586 934 prasertim
596 863 717 914 brevitas.
738 863 770 913 ln
779 861 829 914 hac
835 881 930 933 nempe
938 861 1088 917 Sallustium
1097 879 1123 919 et
1131 869 1205 921 Thu·

136 942 276 1015 cydidem
290 941 323 995 ad
336 941 492 995 imitandum
506 942 556 995 sibi
569 943 740 1013 proposuisse
751 939 871 1006 videtur,
891 942 927 994 ita
941 955 970 994 ut
982 943 1054 998 hunc
1063 961 1116 998 non
1126 965 1205 1004 amu-

136 1025 223 1077 letur
234 1021 314 1075 modo
332 1024 360 1074 in
375 1023 510 1094 plurimis,
531 1021 576 1074 sed
592 1021 685 1092 sapius
698 1022 778 1073 etiarn
790 1020 823 1073 ad
838 1023 948 1074 verbum
964 1024 1117 1089 uanslerat,
1132 1027 1205 1096 quod

140 1105 285 1156 Pausania
300 1115 326 1154 ct
343 1102 504 1153 Themistoclis
521 1102 600 1153 vitam
615 1101 710 1171 legenti
725 1099 833 1171 planum
848 1101 907 1153 erit.

186 1181 243 1234 Sed
256 1181 380 1253 quoniam
389 1181 587 1234 Themismcne
597 1181 713 1252 epistola
725 1180 966 1250 interpretationem
980 1181 1137 1252 significavi,
1150 1185 1206 1236 ohi-

139 1275 189 1315 ter
208 1261 253 1314 hic
269 1274 359 1314 notare
381 1261 473 1326 liceat,
491 1259 520 1313 id
539 1279 570 1312 ex
586 1279 615 1312 ea
634 1279 710 1331 posse
726 1260 831 1329 colligi,
850 1260 947 1330 Nepoti
965 1262 1063 1313 scilicet
1081 1262 1204 1316 Granum

137 1359 298 1394 sermonem
315 1359 369 1392 nou
384 1342 489 1412 penitus
503 1341 583 1392 luisse
597 1351 770 1412 perspectum.
787 1339 849 1392 Hac
864 1340 935 1391 enim
950 1341 1029 1392 verba
1039 1341 1120 1394 Xerxi
1133 1343 1204 1396 The·

138 1421 298 1474 mistoclem
307 1421 439 1491 scripsisse
450 1433 537 1473 narrat
548 1417 734 1490 Thucydides,
749 1421 777 1483 l,
790 1421 843 1488 137
861 1436 868 1471 t
889 1423 993 1490 llripssps
1004 1416 1204 1491 dtasipsssclmri

139 1507 198 1553 τῶν
215 1491 324 1557 misas
346 1495 391 1552 lat
410 1500 454 1556 ris
471 1501 515 1555 ah
533 1499 627 1568 φιλίαν,
648 1517 706 1570 quse
719 1497 826 1568 quidem
846 1500 881 1550 ita
901 1501 1029 1552 convertit
1044 1501 1152 1572 Nepos,
1176 1503 1204 1555 in

142 1581 173 1632 T
170 1580 269 1632 demist.
285 1597 334 1632 rx:
354 1579 426 1631 Nunc
439 1592 516 1630 autem
528 1579 563 1628 ad
574 1590 596 1628 te
609 1581 719 1648 wnsrsgi,
735 1581 870 1647 exagitatus
914 1592 998 1630 cancta
1015 1579 1122 1643 Gracia,
1139 1593 1203 1633 tuam

133 1671 231 1730 petens
246 1661 381 1711 amicitiam.
403 1658 477 1710 Hane
485 1675 576 1710 vocem
588 1654 633 1710 tra
647 1663 691 1715 τὴν
704 1659 747 1714 oin
761 1659 854 1727 φιλίαν,
865 1658 1034 1728 intelligimus
1049 1677 1120 1712 nunc
1130 1681 1204 1732 prop·

138 1752 182 1791 ter
199 1753 270 1790 tesam
282 1741 420 1800 ams'citiam,
436 1757 490 1790 non
504 1749 569 1789 taam
578 1749 660 1807 petens
675 1739 810 1788 anncuiam.
832 1737 887 1789 Neo
895 1737 965 1790 dicat
975 1739 1067 1809 aliquis
1075 1740 1205 1811 Nepotem

135 1815 318 1889 Thucydidis
337 1816 445 1888 quidem
466 1835 570 1870 sensum
589 1817 721 1881 tenuisse,
746 1814 792 1867 sed
814 1817 893 1868 verba
912 1817 967 1888 ipsa
988 1819 1129 1870 transferre
1151 1839 1204 1873 non

138 1901 277 1963 solania
294 1899 339 1970 qui
352 1911 409 1950 tum
421 1898 525 1967 gravius
538 1898 705 1967 peccavisset.
732 1896 851 1967 Namque
868 1896 914 1947 uhi
930 1897 1115 1950 themistocles
1128 1917 1156 1951 se
1172 1899 1205 1950 ad

140 1981 251 2050 Regem
267 1979 408 2048 confugere
419 1976 574 2047 profitetur,
592 1978 672 2028 rerba
688 1976 758 2038 bac,
777 1987 841 2026 taam
856 1988 939 2046 petam
957 1980 1100 2038 araieitiam,
1128 1977 1205 2048 plane

143 2057 328 2131 superfluunt.
348 2056 541 2126 significantior
553 2073 643 2107 sensus
657 2067 683 2107 et
695 2053 727 2106 ad
742 2053 932 2124 impetrandam
942 2056 1019 2126 Regis
1028 2057 1137 2127 gratiam
1147 2057 1205 2110 elli·

145 2140 258 2202 cacior,
278 2137 300 2190 si
320 2137 431 2206 supplex
451 2135 586 2198 innuerit,
605 2152 632 2184 se
653 2147 762 2204 propter
781 2134 863 2202 ipsam
878 2135 944 2186 banc
959 2137 1067 2204 gratiam
1084 2137 1116 2188 ab
1131 2139 1206 2190 omni

144 2217 256 2271 Gracia
267 2216 345 2268 fuisse
358 2213 523 2283 exagitatum.
539 2213 640 2264 Censeo
652 2231 714 2281 crgo
728 2208 773 2262 ht
787 2213 830 2267 τὴν
846 2215 889 2266 σίν
908 2215 1001 2281 φιλίαν,
1014 2213 1086 2284 quod
1098 2217 1205 2288 Thucy·

146 2295 229 2349 dides
242 2293 275 2346 ad
288 2290 435 2364 dtuss'pssoc
449 2291 554 2354 retulit,
573 2291 702 2362 Nepotem
719 2289 753 2342 ad
768 2292 867 2360 mdpttpt
880 2290 1005 2344 retulisse.

191 2377 229 2428 At
242 2375 263 2426 si
280 2391 312 2426 ex
327 2392 379 2426 una
393 2371 519 2424 sententia
533 2371 680 2423 llomanum
697 2370 851 2423 historicum
864 2369 956 2422 Gracco
971 2389 1091 2424 sermone
1105 2391 1159 2424 non
1173 2374 1208 2425 la-

148 2453 329 2508 miliarissime
344 2471 421 2506 usum
436 2450 502 2504 mihi
514 2450 543 2502 in
558 2451 732 2522 suspicionem
743 2451 829 2515 venit,
849 2467 881 2501 es
894 2450 977 2502 multo
990 2451 1110 2521 pluribus
1132 2452 1206 2506 Gra·

148 2553 215 2588 cum
231 2533 326 2606 lingua
339 2533 438 2584 Latina
453 2547 507 2584 non
521 2527 600 2583 luisse
617 2529 803 2601 peritissimum
818 2529 912 2599 conjici
928 2541 1029 2601 potest,
1042 2549 1127 2602 neque
1149 2532 1203 2602 ipse

150 2615 297 2668 inficiatur.
309 2613 376 2664 Nam
391 2611 456 2664 dnm
467 2612 569 2674 homa,
584 2621 610 2662 et
624 2611 651 2662 in
666 2611 758 2662 ceteris
772 2609 852 2662 ltalia
862 2609 972 2662 urbibus
984 2625 1206 2678 commoraretur,

151 2705 183 2747 ut
198 2695 254 2764 ipse
269 2711 318 2744 nos
334 2693 360 2744 in
376 2693 428 2745 vita
443 2690 606 2742 &norman
619 2687 710 2754 docet,
725 2688 815 2742 munia
827 2707 885 2760 quse
897 2690 964 2742 obiit
977 2702 1003 2741 ct
1018 2691 1206 2761 philosophica

150 2772 345 2846 disputationes
361 2768 550 2842 impedimento
563 2769 693 2836 luere‚ne
705 2769 825 2822 Latinam
838 2769 953 2839 linguam
968 2767 1107 2842 diligenter
1120 2773 1205 2842 perci-

152 2866 243 2926 perct;
260 2853 437 2904 homanorum
451 2868 515 2902 vero
530 2849 625 2916 libros,
645 2866 725 2920 Qum
738 2850 793 2919 jam
807 2848 895 2900 senior
909 2862 991 2910 esset,
1011 2849 1096 2920 legere
1114 2851 1205 2920 coepit,

152 2951 204 2986 nec
213 2943 266 2984 tam
278 2931 365 2984 verbis
376 2931 443 2984 l'acta
455 2927 562 2994 didicit,
573 2947 651 3000 quam
662 2929 742 2981 verba
753 2928 834 2980 lactis.
845 2927 914 2981 Huic
927 2928 1037 2981 inscitias
1045 2927 1152 2999 quidam
1166 2949 1207 2982 er·

152 3030 229 3065 rores
240 3011 267 3063 in
277 3011 419 3064 Plutarcho
428 3007 593 3062 adscribendi
603 3021 677 3074 sunt,
688 3019 714 3060 et
722 3006 749 3059 id
759 3008 785 3060 in
799 3007 903 3078 primis,
915 3007 987 3078 quod
998 3009 1101 3074 omnia,
1110 3027 1168 3081 quas
1174 3008 1207 3062 de

153 3091 281 3144 Romanis
296 3091 498 3163 imperatoribus
513 3101 654 3152 memorat,
675 3103 728 3140 non
750 3088 872 3140 facillime
891 3088 923 3140 iis
942 3089 1136 3159 intelligantur,
1161 3090 1208 3160 qni

153 3173 249 3224 Latina
262 3171 358 3242 scripta
373 3190 428 3223 noa
446 3181 552 3222 norunt.
564 3169 636 3234 Quin
652 3165 722 3220 idem
738 3165 772 3220 dc
790 3167 888 3220 Grecis
903 3167 981 3220 etiam
997 3165 1109 3220 ducibus
1123 3170 1206 3222 ausim

154 3247 259 3314 dicere,
268 3251 296 3300 in
306 3267 420 3320 quoram
432 3249 502 3302 Vitis
517 3249 598 3299 multa
611 3265 701 3300 manca
716 3259 742 3300 ct
756 3247 865 3299 obscura
877 3249 994 3300 invenire
1007 3259 1057 3313 est,
1071 3249 1122 3300 nisi
1134 3249 1208 3320 prius

154 3329 278 3398 antiquos
293 3341 425 3393 auctores,
439 3339 465 3380 et
478 3337 522 3379 eos
537 3328 582 3396 qui
596 3327 686 3380 eadem
698 3345 776 3398 quam
789 3327 944 3380 Plutarchus
956 3341 1146 3394 tractaverunt,
1157 3329 1210 3383 lcc·

154 3407 280 3460 titaveris.
301 3406 385 3460 Multa
400 3407 556 3475 inAgesilao
567 3406 623 3459 sine
632 3407 822 3478 Xenophonte,
838 3407 866 3460 in
888 3407 995 3470 Cimone,
1011 3409 1116 3471 Pericle,
1134 3410 1207 3461 Nicia
1270 3430 1275 3442 ·

156 3487 213 3540 sine
227 3484 384 3556 Thucydide
397 3504 450 3538 non
470 3485 606 3556 intelligas.
626 3486 700 3556 Sape
722 3487 802 3538 etiam
825 3489 939 3540 erratio
958 3489 1035 3540 rebus
1055 3489 1207 3542 notissimis.

160 3593 171 3615 ι
183 3568 273 3631 Quum
287 3564 451 3630 Alexander‚·
461 3565 563 3636 inquit,
582 3583 654 3616 raros
668 3564 795 3636 quosdam
812 3579 838 3618 et
853 3565 978 3621 delicatos
997 3568 1136 3639 pisciculos
1153 3567 1205 3618 lle·

160 3673 172 3694 ι
184 3645 322 3717 ρίιιείίῠυί
337 3645 467 3698 misisset:
488 3646 557 3714 Ego,
575 3645 661 3716 inquit
677 3645 843 3698 Anaxarchus
855 3647 1042 3719 philosophus,
1057 3660 1206 3716 satraparum

161 3729 262 3797 «capita
274 3726 434 3778 maluissem·
457 3725 511 3790 Qui
525 3743 613 3777 sensus
625 3725 667 3778 his
679 3725 765 3777 serbis
773 3725 801 3777 in
813 3725 884 3778 hunc
895 3725 1002 3778 modum
1016 3726 1138 3797 expositis
1150 3727 1209 3778 sub·

157 3825 210 3859 csse
226 3807 320 3878 possit,
343 3821 436 3869 nemo,
460 3817 489 3857 ut
504 3805 634 3868 arbitror,
649 3805 832 3876 suspicabitur.
853 3807 908 3858 Nec
923 3805 1051 3858 lucidiora
1067 3805 1126 3856 lecit
1145 3803 1206 3856 Plu·

159 3885 279 3950 tarchus,
296 3903 378 3957 quum
397 3883 465 3937 hanc
486 3883 586 3936 addidit
603 3883 779 3938 sententiam:
796 3876 852 3936 olas
872 3885 1048 3946 ίξιντιλίζοντα
1068 3883 1108 3935 sal
1126 3903 1207 3937 assu-

158 3968 313 4038 pussuo'ysssss
326 3967 381 4026 rtis<
396 3965 429 4018 τὰ
443 3961 595 4035 aspidiscas
608 3965 720 4035 psyilos:
734 3967 812 4022 πόνοις
826 3963 867 4014 sul
884 3960 1000 4024 κινδύνοις
1011 3961 1162 4026 διώκοντας,
1176 3968 1207 4025 ὡς

160 4041 226 4098 colb
241 4049 258 4104 *l
272 4050 354 4118 μικρὸν
369 4049 392 4098 ίν
408 4040 509 4106 ἡδοναῖς
525 4043 565 4096 sai
582 4045 733 4098 ἀπολαύσων
746 4045 819 4096 milas
832 4043 943 4110 ἔχοντας,
970 4041 1001 4094 ld
1015 4055 1116 4096 tantum
1132 4045 1206 4097 novi·

162 4139 230 4187 mus,
239 4126 324 4198 ipsum
331 4127 402 4180 Plut.
414 4145 468 4178 non
478 4124 639 4196 percepisse,
649 4122 713 4195 quid
724 4123 774 4177 sibi
785 4123 883 4178 vellent
894 4121 949 4176 bac
960 4123 1107 4178 Anaxarchi
1119 4125 1209 4180 verbs.
