3284 5150
601 511 842 580 urricus.
1096 477 1098 480 ’
1178 511 1251 611 257

192 658 277 714 trem
294 641 438 712 obtinuit
450 641 651 736 dignitatem.
672 645 768 712 Patre
785 665 865 712 usus
881 655 931 724 est
942 637 1097 736 diligente
1106 629 1131 731 ³,
1146 645 1253 716 indul·

193 763 310 844 gente,
327 762 377 836 et,
400 763 438 816 ut
455 761 634 817 tumerent
651 764 819 844 tempora,
838 747 918 835 diti,
936 750 970 816 in
992 750 1172 844 primisque
1186 767 1254 822 stu·

192 853 493 924 drosolitterarum.
506 857 569 924 Hic
579 908 589 942 ‚
601 870 706 949 prout
718 855 788 950 ipse
801 853 935 924 amabat
948 853 1255 944 litteras,0mnibus

192 959 370 1046 doctrinis,
406 961 525 1054 quibus
556 959 690 1053 puerilis
716 975 794 1030 aetus
815 961 977 1055 impertiri
1003 959 1121 1049 debet,
1150 962 1253 1036 filium

192 1065 343 1136 enidivit.
360 1069 440 1136 Erat
459 1079 570 1136 autem
584 1071 617 1133 in
630 1091 751 1161 puero,
767 1081 888 1161 praeter
902 1063 1101 1142 docilitatem
1116 1069 1255 1162 ingenii,

193 1197 323 1242 summa
351 1174 495 1242 suavitas
516 1159 603 1242 oris⁴
631 1195 670 1242 ac
698 1174 806 1258 vocis,
828 1186 951 1240 utnon
974 1169 1080 1242 solum
1106 1171 1255 1246 celeriter

192 1280 375 1374 acciperet,
388 1303 460 1372 quae
472 1277 705 1364 tradebantur,
719 1277 778 1348 scd
792 1279 891 1348 etiam
903 1265 1101 1348 excellenter
1114 1305 1257 1374 pronun·

192 1386 298 1453 tiaret.
322 1386 399 1473 Qua
419 1408 459 1452 ex
486 1411 520 1452 rc
546 1387 579 1453 in
603 1385 743 1478 pueritia
761 1381 881 1452 nobilis
903 1385 989 1454 inter
1008 1382 1149 1478 aequales
1171 1387 1254 1458 iere·

190 1475 319 1578 batur⁵,
345 1487 530 1584 clariusque
554 1489 849 1586 explendescebat,
871 1514 972 1585 quani
994 1494 1145 1584 generosi
1171 1519 1254 1564 con-

192 1691 287 1746 Numae
299 1704 374 1764 patre
386 1685 565 1752 (Aurelvict.
578 1689 612 1743 de
619 1691 654 1744 V.
666 1691 702 1743 ill.
747 1689 860 1762 plicant,
875 1693 950 1762 enjus
962 1691 1006 1744 bie
1020 1693 1089 1746 ratio
1104 1695 1149 1748 vix
1163 1696 1256 1752 baberi

193 1767 702 1842 c.111),origiuemducebat.-llltirra.
747 1770 1256 1846 potest,utirubjectaexplicatiodooet,

192 1849 264 1903 Siad
280 1849 380 1922 primos
392 1851 502 1922 hujusce
515 1850 599 1922 gentis
611 1862 703 1903 aucto·
746 1849 775 1900 in
786 1867 838 1920 qus
849 1851 959 1920 singulis
969 1851 1070 1922 singula
1079 1853 1255 1926 respondent,

192 1947 235 1984 res
251 1929 388 1994 ascendas,
409 1929 606 2001 antiquissimu
627 1929 648 1982 si
669 1929 703 1984 ad
746 1947 843 2001 nempe
867 1927 1009 1984 -ducilitss
1021 1931 1121 2004 ingenii
1133 1966 1174 1979 —
1188 1937 1255 1990 cele·

193 2022 313 2082 posteros
319 2007 576 2081 descendumprima.
584 2009 624 2062 Ite
631 2009 703 2080 opud
746 2007 811 2064 riter
824 2009 957 2080 scripere3
972 2012 1084 2064 unvita·
1098 2014 1151 2066 oris
1162 2034 1192 2068 sc
1207 2035 1254 2068 vo·
1278 2070 1283 2080 ,

194 2089 351 2160 Virgilium,
362 2088 467 2142 AEneid.
478 2089 546 2154 VH,
562 2095 597 2156 49
616 2105 623 2140 ε
640 2090 702 2142 ιΤιι
746 2088 1256 2167 cis-excellenterpronuntiare.·dp-

193 2169 328 2240 sanguinis
342 2169 439 2220 ultimus
456 2181 556 2222 auctor.
571 2195 581 2216 ι
603 2167 702 2239 Supius
745 2167 845 2220 tissime
855 2169 1138 2236 temenitaoobairent,
1150 2185 1256 2228 uteam·

194 2260 282 2300 eutem
292 2250 382 2300 ultime
390 2253 471 2319 stirpis
480 2249 550 2300 homo
559 2245 593 2300 de
610 2247 703 2300 vilissi-
745 2244 806 2298 dem
821 2265 877 2300 rem
891 2247 998 2300 uberius
1007 2262 1160 2320 exponam
1173 2273 1255 2324 quare

194 2326 547 2382 morietur-Generum.
554 2327 703 2382 insolenter
744 2328 823 2378 etiarn
848 2327 911 2380 olibi
928 2329 1134 2399 conjunguntur.
1151 2332 1193 2385 ct.
1208 2334 1254 2387 ΑΙ.

193 2425 255 2460 cnm
275 2407 377 2477 origine
404 2407 594 2479 conjungitur,
628 2407 701 2460 uncis
744 2405 796 2460 cib.
812 2423 834 2458 c.
849 2405 871 2458 1.
892 2405 994 2458 Locum
1014 2407 1127 2462 similem
1145 2411 1252 2466 exhibet

192 2486 274 2558 igitur
282 2486 392 2560 quidam
404 2488 568 2540 incluserunt
581 2505 588 2539 ε
602 2487 701 2556 quippe
744 2484 924 2550 Quintilianus
944 2485 971 2537 in
991 2504 1102 2556 prorem.
1123 2488 1169 2543 lib.
1194 2492 1251 2554 VI,

193 2563 265 2637 quod
286 2568 397 2620 verbum
420 2568 491 2620 salvo
517 2585 595 2618 sensu
613 2567 701 2618 abesse
743 2565 790 2618 nbi
803 2577 923 2618 nostrum
932 2566 1035 2636 egregie
1046 2567 1251 2638 explicam-Vo-

192 2645 282 2716 pomis.
292 2677 331 2690 -
340 2647 466 2716 Perpetuo.
480 2643 615 2711 Quamdiu
625 2645 699 2700 visit.
743 2643 781 2696 cis
789 2642 939 2714 jucnnditas
950 2644 1121 2717 claritasque,
1131 2651 1183 2702 oris
1191 2669 1251 2708 sua·

193 2757 233 2768 —-
258 2726 397 2796 Equestrern
421 2727 524 2778 obtinuit
550 2726 698 2794 digrutrtrra.
742 2721 824 2787 ritas,
837 2737 862 2776 et
876 2724 904 2776 iu
918 2736 1029 2794 utreque
1042 2725 1131 2797 lingua
1145 2747 1250 2800 expres·

192 2803 250 2858 Hoc
262 2805 365 2858 bonore
375 2817 527 2867 contentus,
539 2805 699 2858 senatorium
743 2820 770 2854 sa
782 2803 930 2874 proprietas
943 2804 1063 2856 omnium
1072 2805 1245 2862 litterarum..

191 2902 247 2937 non
257 2884 397 2938 affectavit.
411 2885 546 2955 Equestris
558 2898 645 2938 autem
657 2883 699 2936 di·
743 2881 861 2953 Nempe,
871 2894 901 2935 ut
913 2883 1069 2936 excellenter
1079 2886 1173 2957 aliquis
1187 2907 1251 2960 pro·

190 2962 297 3036 gnitatis
305 2963 700 3036 insignirerautequuspublice
742 2962 866 3028 nuntiet,
888 2961 1051 3034 requiritur,
1073 2978 1169 3036 prater
1190 2971 1249 3022 soni

191 3043 281 3106 datus,
296 3056 323 3096 et
333 3044 446 3098 annulus
457 3061 560 3096 aureus.
572 3041 698 3097 ilioordo
741 3041 824 3112 ipsius
837 3054 937 3112 gratam
950 3040 1172 3113 modulationem,
1189 3061 1248 3118 epta

191 3123 315 3196 patricios
332 3123 402 3178 inter
419 3136 446 3176 et
464 3123 581 3196 plebeios
596 3121 699 3176 medius
742 3121 821 3174 etiem
834 3121 931 3193 linguas
946 3134 973 3175 et
990 3122 1084 3178 litteris
1099 3143 1247 3180 accommo-

191 3214 255 3254 erat.
742 3197 802 3254 date
817 3201 871 3254 oris
885 3205 993 3274 ejusque
1007 3202 1121 3274 partium
1140 3207 1246 3260 confor-

235 3281 260 3332 3.
287 3281 418 3350 Diligenter.
448 3281 497 3333 llei
517 3281 652 3335 familiaris
673 3293 699 3334 et
742 3281 838 3345 matio,
852 3299 911 3351 que
925 3281 1008 3353 ipesru
1024 3285 1246 3353 pronuntiationis

192 3353 342 3412 &moure
351 3360 480 3416 residuam
491 3379 581 3414 curam
589 3359 697 3414 indicat.
723 3359 804 3412 -fscit
819 3361 998 3414 excellentiam
1008 3399 1016 3428 ,
1026 3373 1056 3414 ut
1070 3360 1190 3418 docilitas
1203 3385 1245 3420 ac.

191 3469 233 3482 --
245 3438 393 3506 indulgente.
409 3441 529 3493 Verbum
543 3440 595 3493 situ
610 3457 697 3494 remo·
741 3438 857 3512 cipiendi
876 3440 1044 3494 celeritatem.
1058 3441 1118 3496 Tar.
1138 3475 1178 3488 --
1193 3447 1246 3498 Ae.

191 3530 250 3572 tum
263 3517 370 3570 videtur
382 3534 408 3574 et
420 3521 544 3573 alienum.
558 3520 619 3572 Non
629 3519 698 3574 male
740 3521 836 3588 reperet.
853 3519 960 3572 Itslibri
967 3521 1067 3592 scripti.
1077 3521 1245 3590 Adde-‚Quin-

189 3597 271 3670 igitur
279 3596 362 3652 codex
372 3598 512 3654 Medicreus
522 3599 695 3652 omittinTzr.
740 3597 824 3651 tilian.
843 3599 869 3663 I,
884 3600 916 3662 3,
929 3599 943 3652 3
953 3617 960 3651 r
980 3626 991 3646 ι
1002 3599 1072 3652 Puer
1083 3619 1170 3666 meus,
1186 3621 1246 3678 que

189 3709 230 3722 -
244 3679 291 3740 Et,
316 3689 343 3730 nt
361 3691 410 3732 trun
427 3693 497 3730 erant
510 3691 622 3748 tempora.
644 3679 697 3732 Pro
740 3675 1242 3753 tradentur,nondit⁴lioulteraccipiet..

187 3755 696 3830 conditionetemporumillorurn.For-
741 3755 802 3810 Non
830 3757 911 3827 igitur
937 3757 1068 3810 Lambiuo
1093 3777 1161 3832 opus
1189 3773 1246 3816 eret

189 3837 261 3890 mula
281 3837 384 3908 elegans
406 3851 432 3892 et
455 3839 570 3910 antiquis
592 3839 695 3894 usitata.
740 3834 880 3890 emendare
897 3840 1018 3906 arriperet.

189 3917 230 3970 Its
236 3917 328 3987 gallice
338 3955 347 3982 ,
359 3919 422 3970 rt'cire
430 3938 493 3988 pour
504 3919 527 3970 te
542 3931 623 3988 temps.
634 3917 696 3972 Hoc
782 3919 807 3970 ⁵.
824 3915 920 3970 Nobilis
930 3919 993 3968 inter
1002 3917 1105 3988 oequalu
1110 3918 1245 3982 findetur.

190 3995 280 4066 Nepos
294 3994 410 4062 addidit,
420 3999 482 4069 quia
493 3996 613 4050 nondum
622 3997 696 4050 Asia·
739 3995 879 4048 Efficacior
900 4011 979 4064 quam
1003 4006 1070 4056 emt.
1094 3996 1227 4052 Mbebotw
1236 4039 1244 4064 ,

189 4075 248 4129 tica
260 4095 326 4147 opes
342 4078 436 4130 urbem
449 4077 605 4130 invaserant.
739 4073 773 4128 de
782 4087 871 4146 aperte
878 4085 905 4126 et
913 4073 1049 4130 manifesta
1056 4075 1247 4145 significatione

230 4161 257 4218 4.
280 4156 348 4210 Oris.
376 4159 416 4210 De
438 4157 515 4212 vultu
529 4153 636 4230 quidam
655 4173 697 4208 ex·
739 4167 765 4208 et
786 4152 982 4225 predicatione.
1004 4151 1048 4206 Sic
1065 4153 1196 4226 elegenter
1213 4157 1246 4220 erl

1021 4281 1064 4360 ¹7
