3282 5156
391 507 468 582 308
549 507 816 580 CORNELII
842 509 876 578 N
883 507 1073 578 EPOTIS
1099 509 1291 579 FRAGM.

390 641 450 712 sed
457 641 591 710 omnino
601 637 682 707 rude
691 653 788 733 atque
794 639 984 708 inchoatum
994 653 1100 709 morte
1110 641 1280 708 Ciceronis
1291 638 1452 711 relictum.

390 743 452 818 ttle
466 748 554 817 enim
576 745 637 814 fuit
655 768 759 831 unus,
777 745 832 839 qui
851 745 996 840 potuerit
1011 759 1045 814 et
1062 743 1181 814 etiam²
1207 745 1359 816 debuerit
1380 748 1454 817 his-

391 854 509 922 toriam
525 851 623 945 digne
638 873 720 920 voce
731 852 947 944 pronuntiare
959 875 967 918 :
981 852 1102 946 quippe
1120 852 1176 946 qui
1191 852 1370 922 oratoriam
1383 852 1454 923 elo·

390 959 557 1053 quentiam
567 955 717 1026 rudcma
732 955 911 1048 majoribus
924 971 1093 1052 acceptam
1109 955 1339 1052 perpolirent,
1349 957 1456 1053 philo·

391 1063 541 1159 sophiam
555 1076 632 1132 ante
645 1085 720 1130 eum
732 1062 936 1157 incomptam
949 1062 1103 1133 Latinam
1122 1085 1182 1132 sue
1196 1062 1458 1136 conformaverit

389 1170 548 1240 oratione.
565 1170 616 1238 Ex
632 1191 699 1264 quo
718 1166 851 1255 dubito,
864 1167 998 1239 interitu
1012 1167 1082 1260 ejus
1103 1182 1214 1238 utrum
1236 1193 1289 1239 res
1306 1167 1455 1264 publica,

389 1299 432 1346 an
449 1274 584 1344 historia
604 1273 708 1368 magis
728 1271 846 1342 doleat.

443 1376 607 1474 Locuples
629 1403 667 1448 ac
689 1377 800 1447 divina
820 1394 953 1467 natura,
975 1404 1041 1473 quo
1067 1379 1226 1474 majorem
1250 1381 1301 1449 sui
1321 1396 1455 1474 pareret

391 1485 662 1570 admirationem,
681 1483 977 1580 ponderatiomque
1000 1509 1059 1554 sua
1075 1499 1185 1554 essent
1202 1483 1376 1572 beneficia,
1393 1511 1452 1554 ne-

389 1593 530 1688 qucum
552 1591 664 1661 omnia
687 1589 783 1675 dare,
806 1615 868 1662 nec
893 1615 1008 1661 rursus
1034 1591 1189 1686 cuiquam
1216 1591 1327 1660 omnia
1348 1589 1453 1660 voluit

387 1721 520 1793 negare.
542 1687 555 1786 ]
651 1805 653 1810 Ι

433 1879 505 1932 mla
519 1881 598 1933 enom.
612 1877 669 1934 Cic.
682 1877 715 1932 ad
728 1879 807 1932 Attio.
819 1879 898 1950 xvt,
943 1877 1347 1950 0ffi0.1,1,denemonhene;
1358 1880 1449 1935 etCie.

387 1975 436 2029 cp.
458 1961 512 2023 16,
533 1976 592 2029 pag.
614 1963 670 2027 944
681 1976 688 2010 :
701 1960 740 2011 Et
759 1962 830 2010 etiam
843 1979 895 2013 om.
943 1960 1019 2014 Brut.
1033 1959 1191 2012 LXXXIII:
1203 1985 1214 2008 ι
1225 1955 1396 2030 Thucydides
1411 1979 1454 2012 re·

391 2038 475 2102 Item,
499 2037 555 2103 tx,
569 2037 645 2109 epist.
663 2037 716 2103 253
736 2057 805 2106 xm,
820 2039 896 2110 epist.
943 2057 1004 2092 rom
1019 2052 1150 2112 gestarum
1165 2039 1351 2110 pronuntiator
1366 2039 1451 2092 since-

394 2133 421 2188 7.
435 2115 608 2172 Frrourm—
616 2119 783 2172 Pronuntiare.
794 2119 850 2174 Cic.
863 2117 897 2172 de
943 2139 1020 2174 τω.-
1036 2119 1126 2174 Fncu.
1136 2119 1215 2174 Plura
1226 2118 1353 2191 fleming.
1366 2115 1450 2172 tatic
