3284 5150
394 495 467 579 adu
660 488 928 557 CORNELII
954 487 1187 558 NEPOTIS

392 641 426 694 et
452 623 619 691 vicesimo.
646 623 696 690 Ut
725 621 813 688 enim
842 621 958 689 Romae
985 616 1151 707 consules,
1177 620 1223 688 sic
1248 619 1453 714 Cartbagine

392 729 568 827 quotannis
589 727 690 796 annui
711 726 779 795 bini
795 711 907 820 reges⁶
922 725 1129 794 creabantur.
1147 728 1186 794 In
1204 749 1244 794 eo
1259 728 1454 820 magistratu

393 838 466 934 pari
480 833 647 928 diligentia
667 857 701 901 se
723 829 888 900 Hannibal
909 830 1067 925 praebuit,
1087 854 1126 902 ac
1147 831 1256 900 fuerat
1278 835 1311 900 in
1335 831 1422 902 bello
1444 857 1453 900 :

394 965 536 1036 namque
557 939 686 1026 effecit,
706 963 746 1006 er
761 939 855 1007 novis
873 937 1087 1032 vectigalibus
1108 963 1175 1006 non
1191 937 1298 1008 solum
1318 952 1356 1007 ut
1368 951 1456 1008 esset

395 1048 552 1146 pecunia,
574 1069 647 1140 quae
666 1046 824 1114 Romanis
846 1067 887 1112 ex
909 1043 1032 1113 laedere
1044 1043 1258 1139 penderetur,
1277 1043 1455 1114 sedetiam

396 1165 598 1250 superesset,
624 1175 696 1246 quae
727 1153 761 1220 in
787 1151 902 1220 aerario
931 1165 1156 1246 reponeretur.
1186 1150 1337 1237 Deinde,
1366 1175 1457 1220 armo

396 1275 470 1359 pust
489 1273 684 1354 praeturam,
700 1258 817 1326 Marco
839 1255 995 1344 Claudio,
1014 1258 1118 1326 Lucio
1140 1259 1240 1326 Furio
1258 1259 1367 1344 Coss,
1386 1259 1456 1326 Ro·

397 1369 485 1438 mani
511 1363 609 1461 legati
639 1364 873 1456 Carthaginem
898 1361 1094 1432 venerunt⁷.
1120 1366 1190 1432 Hos
1217 1361 1381 1432 Hannibal
1405 1366 1457 1432 sui

396 1470 593 1568 exposcendi
619 1471 724 1565 gratia
751 1470 866 1538 missos
896 1483 1003 1556 ratus,
1029 1470 1219 1564 priusquam
1243 1470 1294 1540 his
1325 1483 1457 1539 sensatus

398 1563 562 1664 daretur⁸,
591 1599 709 1644 navem
735 1574 928 1644 conscendit
951 1575 1055 1662 clam,
1083 1590 1182 1670 atque
1204 1578 1237 1643 in
1264 1577 1391 1670 Syriam
1415 1575 1459 1643 ad

400 1682 599 1754 Antiochum
626 1680 781 1776 profugit.
806 1684 878 1749 Hac
907 1705 943 1749 re
968 1681 1075 1775 palam
1107 1682 1210 1766 facta,
1236 1684 1330 1751 Poeni
1356 1705 1457 1750 naves

400 1793 502 1876 duas,
526 1813 598 1882 quae
619 1812 695 1856 eum
717 1786 1055 1880 comprehenderent,
1077 1790 1103 1856 si
1128 1803 1262 1882 possent
1282 1790 1458 1881 consequi,

400 1898 584 1966 miserunt:
607 1893 696 1963 bona
713 1893 782 1985 ejus
799 1891 1012 1986 publicarunt
1029 1919 1036 1961 :
1052 1892 1186 1962 dantum
1204 1893 1458 1964 ahandamentis

401 1999 626 2096 disjecerunt⁹:
646 2001 755 2093 ipsum
776 1997 904 2068 exulem
923 1998 1122 2093 judicarunt.

453 2109 547 2175 Vlll.
566 2107 612 2175 At
628 2103 793 2175 Hannibal
814 2129 903 2174 anno
924 2107 1035 2192 tertio,
1057 2119 1229 2200 postquam
1249 2106 1350 2174 domo
1377 2131 1460 2201 pro·

402 2217 548 2309 fugerat,
568 2214 604 2284 L.
626 2210 799 2299 Cornelio,
818 2213 948 2301 Quinto
967 2213 1116 2281 Minucio
1138 2216 1243 2301 Coss,
1260 2237 1337 2281 cum
1362 2213 1458 2308 quin-

402 2346 465 2416 que
487 2317 626 2388 navibus
646 2317 792 2387 Africam
814 2315 980 2404 accessit¹,
1003 2319 1037 2386 in
1061 2317 1181 2388 linibus
1200 2321 1462 2413 Cyrenaeorum,

403 2430 430 2497 si
448 2427 533 2496 forte
551 2425 839 2519 Carthaginienses
852 2423 895 2492 ad
915 2422 1056 2508 bellum,
1077 2425 1230 2494 Antiochi
1248 2449 1305 2520 spe
1326 2424 1463 2493 fiducia-

404 2559 487 2628 que,
503 2531 658 2600 inducere
676 2545 809 2625 posset:
828 2531 882 2599 cui
897 2531 966 2623 jam
981 2545 1208 2624 persuaserat,
1228 2547 1266 2600 ut
1280 2556 1356 2601 cum
1370 2555 1464 2600 exer-

404 2640 523 2711 citibus
539 2639 572 2706 in
589 2636 718 2706 Italiam
736 2635 1009 2732 proficisceretur.
1030 2639 1105 2707 Huc
1126 2639 1306 2733 Magonem
1327 2638 1466 2707 fratrem

408 2853 447 2904 Its
462 2849 567 2918 Livius,
582 2847 716 2911 XXXIII,
735 2849 781 2910 46.
796 2846 812 2898 J
815 2846 916 2899 ustinus
959 2846 1291 2902 etiamsolebantllnmani.
1301 2848 1470 2903 hcedaemo·

408 2928 582 2984 Hannibalern
603 2927 741 2980 consulem
759 2939 816 2978 tum
836 2926 915 2980 fuine
959 2927 998 2978 nii
1008 2927 1290 3000 quoquelaeotycbidis
1299 2930 1420 3002 pmlngi,
1431 2931 1469 2983 ei·

409 3013 460 3075 sit,
474 3007 581 3074 XXXI,
597 3027 623 3059 s.
958 3003 1020 3058 dem
1032 3007 1137 3060 crimini
1154 3007 1257 3073 affinis,
1273 3007 1382 3062 domurn
1395 3012 1467 3063 esci·

450 3093 477 3143 6.
494 3089 578 3156 Reges.
590 3085 847 3155 Carthaginiensium
861 3086 916 3137 sul·
958 3083 1066 3140 derunt.
1085 3085 1185 3140 Herod.
1202 3089 1255 3152 vl,
1270 3108 1317 3159 7².

410 3163 916 3236 letesnosterregesappellat.Ceterum
1006 3166 1071 3219 Csa.
1083 3167 1160 3219 vm.
1188 3185 1212 3220 ι.
1228 3169 1341 3235 Africam
1358 3173 1466 3222 messit.

411 3242 914 3316 ininterpretandavocePunicasuffra,
959 3246 1059 3311 Livius,
1067 3246 1466 3320 xxxtv,61‚in.;essppisn.

411 3343 506 3398 parum
525 3324 596 3395 ipsos
613 3323 663 3376 sibi
683 3324 830 3376 constitisse
845 3336 917 3376 vete·
960 3323 994 3378 de
1004 3325 1251 3396 rebusSyriacis,c.
1265 3329 1349 3392 ain,
1361 3340 1467 3381 tantuna

411 3426 453 3460 res
466 3415 582 3476 apparet.
961 3405 1033 3458 abest
1053 3417 1083 3458 nt
1101 3405 1128 3458 in
1150 3407 1199 3459 hac
1213 3408 1373 3460 narrationis
1391 3420 1468 3480 parte

453 3505 479 3557 7.
502 3486 588 3552 Iugari
605 3479 775 3552 Carthaginem
793 3495 917 3536 venerant.
962 3485 1150 3550 assentiantur,
1165 3499 1196 3540 ut
1209 3505 1243 3540 ne
1251 3487 1350 3540 litteras
1358 3485 1468 3558 quidem

413 3563 611 3627 VideLirium,
630 3562 765 3614 lustinum
778 3574 805 3614 et
820 3563 919 3634 Appia·
962 3564 1011 3616 bac
1026 3563 1059 3617 de
1073 3583 1150 3618 causa
1168 3567 1283 3620 scribere
1297 3585 1357 3620 enm
1374 3585 1470 3621 ausum

413 3665 491 3711 num,
507 3642 629 3714 Syriacis.
962 3644 1316 3709 affirmennsedhristonem
1326 3645 1470 3718 qasemdam

454 3730 480 3781 8.
497 3725 640 3796 Priusquam
652 3720 688 3772 tu
702 3733 797 3772 senatur
812 3722 918 3775 dantur.
962 3742 1024 3776 cnm
1031 3723 1161 3778 mandatis
1168 3725 1353 3798 Cartbaginetn
1360 3727 1470 3781 misisse.

414 3804 509 3860 Aditus
522 3800 555 3856 ad
566 3813 694 3854 senatum.
712 3801 753 3853 Ita
769 3799 918 3854 Sallustius:
963 3804 1039 3856 Alios
1051 3805 1132 3874 igitur
1144 3805 1242 3868 fontes,
1260 3805 1341 3860 hodie
1352 3808 1473 3877 incogni-

418 3915 428 3934 ι
444 3887 494 3939 Die
506 3881 666 3947 constituto,
685 3893 788 3934 senatus
803 3881 921 3952 ursisque
964 3897 1018 3948 tos,
1036 3882 1129 3936 adiisse
1142 3899 1168 3938 et
1184 3883 1336 3940 adhibuisse
1349 3885 1472 3950 videtur,

413 3965 520 4020 datur.-
537 3961 749 4033 sugaranxffl.
965 3963 993 4016 ni
1009 3963 1135 4034 Magones
1153 3964 1266 4019 miscuit.
1285 3969 1347 4020 Tus.
1365 3997 1405 4008 -
1425 3967 1474 4020 Cur'

455 4065 481 4116 9.
503 4043 606 4096 Domum
620 4061 634 4092 a
643 4040 808 4107 fundamentis
823 4039 921 4110 disjece-
960 4045 1013 4113 jam
1022 4056 1191 4113 persuaserat,
1209 4057 1238 4096 ut
1248 4065 1300 4097 aurs
1316 4047 1471 4109 eremita'bus,

419 4137 481 4177 runt.
498 4123 636 4195 Tanquam
651 4120 792 4191 majestatis
805 4120 844 4172 rei
862 4137 868 4170 ε
886 4121 922 4173 ita
965 4134 1014 4175 etc.
1031 4121 1107 4176 Idem
1119 4135 1230 4177 testatur
1242 4125 1309 4178 Just.
1326 4127 1434 4192 XXXI,
1446 4135 1472 4189 4.
