3200 5120
338 469 408 537 DE
434 469 717 538 CORNELIO
743 469 965 538 NEPOTE.
1097 495 1184 542 xxxi

129 599 308 694 Phrygium
326 602 504 688 Dantem,
526 600 583 694 qui
606 613 754 694 tempore
779 599 912 693 Trojani
934 597 1010 668 belli
1031 603 1184 672 continue

129 708 160 774 in
178 730 295 775 eorum
317 707 514 775 exercitibus
531 706 623 774 fuere
640 721 831 800 praesentee‚
845 719 878 774 et
898 706 1036 793 horum,
1054 731 1125 800 quoe
1136 711 1183 776 vi·

128 811 263 900 derunt,
272 825 349 880 suut
360 811 537 880 fidelissimi
549 811 723 900 relatores,
738 812 818 880 etin
833 826 1026 905 presentem
1039 812 1183 884 libellum

130 942 187 1012 per
208 941 262 985 me
285 917 432 1009 judicent
454 917 643 988 Guidonem
664 917 705 986 de
727 917 891 986 Columna
912 919 1066 986 Messana
1091 934 1184 988 tran-

131 1038 261 1118 sumpta
284 1021 452 1118 legentur,
473 1037 574 1117 prout
594 1025 628 1092 in
649 1023 778 1092 duobus
798 1021 891 1091 libris
915 1047 1029 1092 corum
1049 1025 1185 1119 inscrip-

131 1145 201 1199 tum
218 1131 311 1222 quasi
333 1152 400 1197 una
420 1131 512 1198 vocis
529 1131 743 1200 consonantia
767 1131 939 1197 inventurn
964 1141 1015 1196 est
1039 1129 1183 1200 Athenis.

132 1236 332 1328 Quanquam
354 1248 463 1304 autem
484 1234 544 1304 bos
561 1234 686 1304 libellos
703 1235 838 1328 quidam
856 1236 1043 1320 Romanus,
1061 1236 1185 1304 Corne·

133 1339 190 1410 lius
207 1341 358 1428 nomine,
370 1339 512 1410 Sallustii
533 1343 642 1436 magni
657 1365 779 1434 nepos,
799 1342 834 1408 in
849 1339 985 1408 latinum
1008 1339 1186 1409 transferre

132 1448 316 1529 curaverit,
335 1460 445 1515 tamen
464 1445 544 1515 dum
557 1444 724 1515 laboraret
736 1445 874 1517 nimium
887 1444 995 1513 brevis
1010 1467 1097 1530 csse,
1111 1469 1186 1540 par·

133 1552 283 1622 ticularia
300 1552 442 1621 historia
463 1554 578 1646 ipsius,
598 1575 670 1646 quae
691 1553 798 1645 magis
815 1563 953 1645 possunt
969 1548 1100 1620 allicere
1115 1553 1186 1620 ani-

134 1683 204 1728 mos
225 1657 435 1746 auditorum,
455 1682 523 1752 prae
551 1659 652 1726 nimia
671 1657 831 1730 brevitate
852 1655 1042 1756 indecenter
1066 1658 1185 1726 omisit.

134 1766 172 1832 ln
182 1765 247 1848 bac
255 1765 358 1860 igitur
369 1766 450 1833 serie
461 1761 560 1832 libelli
576 1778 681 1833 totum
695 1765 861 1832 invenitur
875 1762 1084 1856 inscriptum,
1096 1763 1186 1856 quod

134 1868 173 1938 de
184 1885 255 1939 tota
268 1870 402 1939 historia
411 1867 637 1939 universaliter
645 1883 679 1938 et
685 1867 926 1963 particulariter
935 1882 1063 1962 gestum
1079 1867 1149 1936 fuit
1166 1898 1182 1933 o

135 1975 226 2044 Idem
242 1977 383 2069 scriptor
404 1973 445 2050 ad
462 1974 585 2044 calcem
607 1977 737 2069 operis:
757 2004 774 2040 ιι
790 1977 834 2042 Et
851 1999 913 2068 ego
932 1973 1043 2042 Guido
1063 1973 1103 2042 dc-
1122 1976 1186 2044 Co·

135 2079 245 2151 lumna
258 2081 413 2174 judex'de
427 2082 581 2150 Messana
598 2079 789 2174 praedictum
799 2070 1082 2172 Ditem(Dictyn)
1097 2081 1187 2148 Grae-

136 2211 209 2256 cum
232 2189 266 2254 in
292 2187 445 2256 omnibus
468 2211 540 2254 sum
563 2200 710 2273 secutus,
735 2211 797 2280 pro
822 2181 974 2278 eoquod
1000 2186 1069 2278 ipse
1095 2185 1188 2252 Dites

137 2284 289 2386 (Dictys)
309 2291 490 2386 perfectum
510 2307 544 2361 et
565 2291 766 2386 completum
786 2289 914 2360 fecitin
935 2289 1088 2358 omnibus
1105 2313 1188 2384 opus

137 2421 230 2467 suurn
248 2398 290 2467 ad
309 2397 490 2467 litterarum
502 2396 653 2466 videlicet
669 2395 837 2485 solatium,
853 2410 892 2465 ut
907 2419 1017 2464 veram
1039 2396 1189 2464 notitiam

139 2502 279 2572 babeant
300 2506 468 2599 praesentis
488 2505 657 2592 Historiae,
685 2518 718 2572 et
741 2517 779 2570 ut
805 2503 910 2596 magis
933 2500 1136 2570 delectentur
1155 2503 1189 2568 in

139 2609 212 2702 ipsa
241 2613 286 2679 Et
306 2635 368 2705 ego
395 2609 566 2678 historiam
588 2609 692 2702 ipsam
720 2629 887 2676 omassem
911 2607 1085 2676 dictamine
1113 2604 1189 2700 pul-

139 2713 258 2784 chriori
276 2739 337 2810 per
356 2716 531 2809 ampliores
542 2713 752 2808 metaphoras
770 2727 804 2781 et
815 2712 1074 2804 colores,etper
1089 2725 1190 2779 trans·

139 2823 539 2914 gressionesoccunentes
549 2873 558 2908 ,
569 2843 641 2914 quac
653 2820 751 2914 ipsius
765 2817 950 2887 dictaminis
959 2830 1035 2885 sunt
1044 2818 1188 2910 picturae.

138 2927 199 2995 Sed
220 2930 353 2997 territus
372 2951 412 2997 ex
431 2926 656 3021 magnitudine
673 2925 782 3019 operis
801 2938 864 2993 etc.
887 2951 905 2988 s
925 2925 1000 2990 Non
1019 2921 1190 2990 intermisit

139 3047 246 3102 tamen
263 3034 376 3102 Guido
396 3035 487 3100 varia
508 3057 548 3100 ex
563 3055 622 3100 suo
638 3030 803 3124 seculique
817 3031 867 3099 sui
878 3029 1011 3124 ingenio
1028 3041 1190 3112 attexere,

141 3154 176 3206 ut
195 3137 311 3208 lectori
332 3153 456 3208 attento
482 3136 575 3206 facile
601 3135 870 3230 patebit-Italica
896 3133 1002 3204 lucem
1023 3131 1104 3201 vidit
1123 3135 1189 3201 Ve-

141 3246 249 3332 nctiis,
274 3245 389 3332 1481,
404 3243 458 3313 fol.
482 3245 685 3312 Germanice
702 3241 860 3310 versionis
880 3241 949 3309 MS.
968 3242 1002 3308 in
1018 3237 1098 3308 Bibl.
1119 3240 1188 3308 Cae·

141 3373 249 3436 sarea‚
262 3353 413 3418 meminit
426 3349 638 3434 Lambecim,
652 3363 674 3416 t.
688 3346 741 3431 ΙΙ,
755 3371 786 3441 p.
800 3347 886 3442 92⁸8.
904 3347 1039 3420 Latinos
1051 3343 1189 3413 Codices

143 3457 234 3524 MSS.
258 3455 370 3525 laudat
388 3455 577 3550 Mong'itor‚
598 3467 620 3521 t.
643 3453 751 3522 lBibl.
771 3451 903 3536 Siculae,
921 3475 952 3544 p.
980 3449 1064 3520 266.

194 3563 233 3628 ln
257 3565 356 3632 Lucre
371 3561 526 3630 Dacberii
542 3557 728 3655 spicilegio,
745 3573 767 3626 t.
783 3553 851 3646 lv,
868 3581 899 3652 p.
924 3553 1015 3644 485,
1035 3559 1191 3630 Historia

142 3669 294 3753 Homeri,
310 3667 370 3736 ubi
382 3661 514 3736 dicitct
525 3669 650 3751 Dares,
668 3663 841 3758 legendum
860 3663 919 3732 ubi
932 3665 1052 3755 Dictys
1066 3676 1102 3728 ct
1117 3663 1190 3727 Da·

142 3795 210 3859 res,
239 3787 277 3841 ut
294 3774 363 3868 jam
387 3787 536 3842 notatum
556 3770 671 3839 Paullo
694 3769 880 3838 Colomcsio
898 3771 932 3837 in
956 3762 1036 3836 Bibl.
1057 3765 1191 3850 selecta,

143 3900 171 3969 p.
197 3877 277 3948 168.

192 3985 253 4052 llI.
268 3981 364 4052 Falso
379 3979 510 4079 quoque
528 3985 575 4051 uti
590 3979 632 4051 ad
648 3981 868 4052 Alexandrum
885 3980 932 4046 M.
945 3991 1133 4062 auctorem,
1149 3976 1194 4044 sic

144 4087 183 4154 nd
216 4087 407 4158 Cornelium
438 4093 600 4183 Nepotem
632 4103 787 4182 tanquam
817 4088 1029 4177 interpretem
1055 4080 1196 4150 refertur
