3282 5156
488 541 934 610 OBSERVATIONES.
1171 539 1243 614 325

179 671 215 722 in
239 678 394 740 potestatem
414 685 487 722 suam
507 687 562 722 eeee
583 655 750 723 redacturoe.
772 668 839 722 lnde
858 670 971 724 accrevit
989 671 1085 724 sensim
1107 669 1178 743 apud
1201 691 1246 726 ece

180 747 317 820 cupiditae
330 747 438 800 Gracia
452 749 563 801 inter-ina
577 747 781 818 cognoecendrag
796 749 987 802 accendebatur
1001 751 1080 804 etiarn
1092 750 1245 804 Graecorum

177 839 321 881 cratonem
334 826 460 898 exemplis
475 828 631 898 eloquentia
647 827 777 889 studium,
799 829 864 882 utile
882 829 1011 900 imprimis
1030 828 1101 900 apud
1113 833 1246 885 Romanos

176 909 215 961 in
225 925 256 959 re
268 907 375 978 publica
386 906 552 978 capeeeenda.
568 909 639 959 Turn
644 907 725 973 Cato,
737 908 856 979 quamvis
869 909 966 973 eenior,
975 907 1116 980 arripiebat
1128 909 1245 963 etudiurn
1273 940 1280 958 .

177 985 363 1051 litterarum,
377 997 432 1060 tum
444 985 542 1040 Grreca
557 986 664 1052 labulre,
675 1005 690 1038 a
701 998 742 1040 tot
756 987 841 1057 poetie
854 989 961 1041 comicie
972 1005 1046 1058 eque
1055 1007 1085 1040 ac
1099 990 1203 1060 tragicie
1217 990 1245 1043 in

177 1065 310 1118 Latinum
324 1083 471 1119 ammonem
489 1066 634 1131 tranelata,
654 1066 793 1136 placebant
812 1067 921 1138 populo.
945 1061 1065 1120 Tandem
1087 1069 1246 1138 Cartbagine

177 1143 317 1199 dmuucta
332 1157 359 1197 et
372 1143 465 1198 eodem
484 1163 554 1200 auno
572 1145 703 1198 Corintho
717 1144 818 1211 deleta,
836 1165 918 1217 quum
931 1147 1043 1198 llomaui
1054 1159 1158 1216 captam
1171 1160 1244 1200 tene·

176 1235 244 1278 rent
257 1224 402 1290 Granium,
421 1242 503 1295 quum
517 1242 608 1278 eorum
626 1225 716 1295 epoliie
736 1224 804 1278 adea
816 1243 874 1278 enar
887 1237 1059 1289 exornarent,
1074 1239 1148 1280 aucta
1164 1239 1202 1279 eet
1215 1227 1244 1280 in

176 1305 343 1358 immensum
359 1303 512 1358 Graecarum
532 1318 584 1356 tam
594 1305 695 1362 ,entiam
709 1323 788 1375 quarn
801 1305 949 1358 litterarum
965 1303 1103 1376 cupiditee.
1117 1306 1197 1358 Multi
1212 1325 1244 1362 ex

175 1384 324 1450 Romania,
338 1383 418 1436 etiam
438 1383 580 1437 contulerit
592 1382 726 1454 dignitatis
740 1385 807 1446 viri,
821 1403 863 1436 ree
880 1385 1011 1436 Romanae
1025 1403 1110 1454 greco
1122 1403 1244 1440 sermone

175 1463 211 1516 in
228 1463 364 1517 hietoriam
378 1463 560 1525 conserebant,
575 1463 649 1516 nteit
664 1464 783 1516 luetinne
798 1463 826 1515 in
841 1463 994 1534 prolatione
1006 1461 1038 1516 ad
1050 1482 1128 1516 enum
1141 1465 1244 1535 eTrogi

174 1543 305 1616 Pompeii
321 1561 402 1614 opere
417 1555 569 1614 excerptum
583 1542 692 1596 librum.
713 1543 807 1595 batim
821 1542 908 1614 lingua
922 1542 1015 1596 eodem
1029 1555 1147 1616 tempore
1160 1545 1244 1599 incre·

173 1621 262 1675 dibili
276 1620 365 1676 etudio
385 1623 543 1696 locupletata
558 1634 585 1675 et
597 1623 711 1692 expolita
730 1621 759 1674 in
774 1634 876 1674 tanturn
891 1633 1000 1692 repente
1014 1635 1103 1674 erecta
1118 1634 1157 1675 eet
1170 1623 1242 1676 laeti·

175 1701 271 1773 giam,
288 1713 317 1756 ut
336 1719 390 1754 non
409 1702 526 1756 amrrleri
542 1700 623 1754 modo
636 1701 755 1766 Graece,
771 1699 817 1755 aed
832 1713 859 1754 et
874 1719 997 1772 euperere
1008 1702 1106 1754 vellent
1120 1703 1242 1756 llomani.

174 1781 270 1836 Graeci
285 1781 450 1853 philoaophi,
470 1781 603 1846 rhetoree,
622 1781 734 1834 artilicee
749 1781 861 1833 llomarn
876 1781 1067 1846 convolabant,
1085 1782 1191 1852 praemia
1204 1782 1242 1834 ibi

175 1861 283 1933 ingenii
293 1874 321 1914 et
329 1861 449 1914 laborum
463 1860 617 1932 expetituri,
630 1879 689 1932 qne·
696 1860 796 1930 patria,
808 1857 835 1912 in
850 1861 1001 1913 servitutem
1015 1860 1114 1931 quippe
1124 1859 1241 1926 redacta,

175 1941 226 1994 vix
242 1939 410 1994 concedebat.
433 1941 535 1995 Contra
550 1958 581 1993 ea
594 1939 706 1992 Romani
719 1939 862 1992 nobiliores
874 1939 1003 1992 Graeciam
1016 1940 1154 2009 petebant,
1171 1940 1241 1993 utin

178 2019 280 2074 ecbolie
305 2022 362 2092 ejur
381 2018 584 2086 celebrioribce‚
604 2037 663 2090 qun
681 2018 808 2080 Athenie,
822 2018 936 2090 Epheei,
951 2017 1038 2072 Rhodi
1057 2019 1240 2084 habebantur,

174 2097 339 2153 eruditiores
357 2097 534 2152 redderentur
559 2099 602 2150 vel
630 2098 831 2169 eloquentioree.
869 2097 997 2150 Obetubat
1019 2111 1106 2151 tamen
1134 2097 1241 2150 arctiori

171 2179 319 2250 utriunque
342 2177 435 2250 populi
458 2176 639 2248 conjunctioni
662 2193 767 2228 morum
788 2173 939 2241 ditereitae,
960 2189 987 2229 et
1008 2195 1076 2246 agre
1095 2177 1241 2229 tolerabant

173 2259 284 2322 Grani,
299 2275 347 2310 nec
360 2257 412 2310 niei
428 2256 574 2309 neceeeitati
586 2251 723 2319 cedentee,
746 2256 926 2307 Romanorum
942 2255 1101 2324 euperhiatn.
1123 2255 1236 2308 Rotnani

176 2338 262 2407 vulgo
274 2335 478 2390 contemnebant
490 2334 611 2390 Graece.
627 2351 681 2386 non
695 2333 780 2385 eolum
793 2346 823 2385 ut
836 2351 851 2385 a
866 2351 893 2386 ee
904 2333 1002 2399 victce,
1017 2331 1063 2386 sed
1077 2333 1156 2385 etiam
1165 2333 1239 2386 nulle

174 2428 238 2468 tum
249 2414 375 2486 temporie
389 2431 523 2467 armorum
536 2413 619 2482 gloria
629 2410 804 2483 splendenter.

217 2495 367 2548 Monetaare
381 2493 466 2546 voluit
487 2493 637 2549 Corneliae,
653 2491 734 2544 fuieee
748 2491 812 2544 olim
825 2488 906 2544 ducee
921 2490 990 2543 inter
1001 2491 1106 2544 Grecos
1119 2490 1236 2562 ,partim

172 2575 277 2628 virtute
295 2587 322 2628 et
334 2591 423 2627 amore
440 2571 547 2644 patriae,
562 2571 660 2642 partim
674 2569 753 2624 etiam
765 2566 907 2641 prudentia
920 2569 1046 2635 militari,
1060 2570 1237 2624 celeberrimie

172 2655 248 2706 inter
256 2656 387 2708 llontanoe
394 2647 600 2724 equiparandne.
609 2649 720 2702 Librum
728 2648 884 2718 conecripeit
891 2666 947 2700 uon
958 2649 1048 2702 tamin
1059 2649 1234 2714 nobiliorum,

172 2751 322 2805 eorumque
346 2749 505 2804 pancorum,
526 2730 653 2801 gratiam,
671 2729 719 2799 qui
738 2728 788 2800 ipsi
806 2728 876 2780 inter
897 2727 1004 2780 Grecos
1022 2727 1162 2792 vixerant,
1186 2729 1233 2800 qui

173 2813 292 2884 optimoe
305 2831 397 2866 ennam
420 2811 561 2882 ecriptoree
580 2808 733 2862 lectitabant
748 2807 815 2860 etin
829 2805 929 2860 deliciis
945 2806 1092 2870 habebant,
1109 2825 1187 2878 quam
1205 2808 1232 2860 in

171 2893 363 2965 plerorumque
374 2891 473 2946 cirinen
486 2907 608 2953 enorum,
629 2888 675 2960 qui
688 2887 793 2940 Graue
808 2905 851 2938 ree
865 2884 908 2937 vel
921 2885 1000 2956 plene
1021 2885 1178 2955 ignorabant
1192 2887 1234 2940 rel

172 2971 269 3024 leviter
274 2985 377 3025 tanturn
383 2983 565 3024 tractaverant.
574 2969 654 3021 llnuc
662 2967 688 3019 ei
694 2966 772 3020 ferieee
778 2984 887 3036 ecopum
897 2963 994 3018 diserte
1000 2962 1098 3017 indicat
1105 2965 1233 3036 praelatio.

173 3053 211 3105 Et
223 3069 278 3122 qao
290 3052 391 3105 facilior
403 3051 548 3104 multorum
559 3049 625 3102 ritae
636 3045 743 3100 modico
757 3045 893 3099 volumine
902 3041 1151 3116 comprehenderet,
1172 3064 1234 3098 uene

173 3141 215 3184 eet
231 3148 326 3200 genere
345 3128 477 3184 ecribendi
498 3125 696 3200 compendiario
707 3163 716 3190 ,
729 3143 783 3178 non
796 3124 847 3178 nisi
864 3141 977 3176 summae
988 3141 1078 3176 rerum
1092 3124 1234 3195 attingens,

175 3210 205 3261 in
226 3209 391 3280 tempor-ibor
417 3207 541 3262 noundia
572 3205 755 3278 negligentior.
784 3203 932 3258 Conciliare
952 3203 1056 3256 volebat
1078 3203 1232 3257 Grecorum

175 3285 282 3358 ingenia
297 3300 324 3340 et
339 3288 450 3340 virtutee
469 3287 567 3340 civium
588 3305 698 3339 enorum
719 3283 824 3347 enimin
850 3280 896 3336 eed
910 3281 1000 3335 obeeee
1016 3281 1122 3337 videbat
1134 3282 1231 3337 horum

175 3378 370 3438 prooonceptae
383 3367 535 3438 opiniones,
549 3383 723 3436 magnamque
737 3380 842 3417 morunt
855 3360 1041 3415 diversitatem.
1074 3361 1167 3416 Monet
1185 3364 1233 3416 ita-

175 3461 229 3517 que
244 3443 272 3496 ia
291 3445 444 3514 prelatione
462 3463 523 3512 ece,
542 3444 587 3515 qui
605 3443 673 3496 nihil
694 3456 796 3496 tecnam
820 3453 928 3513 putant,
951 3440 1003 3492 niei
1022 3440 1095 3512 quod
1114 3441 1231 3513 iptorum

176 3523 297 3577 moaihne
313 3523 452 3584 convenit,
474 3536 506 3576 nt
518 3521 635 3586 diwant,
654 3541 708 3575 non
722 3520 813 3574 eadem
829 3521 952 3574 omnihus
964 3537 1019 3574 eeee
1032 3519 1140 3574 houeeta
1154 3533 1232 3592 etque

175 3603 279 3675 turpia,
301 3615 328 3656 et
346 3603 460 3656 illuetrat
473 3603 542 3680 hauc
561 3599 768 3654 admonitionem
789 3600 867 3654 teriia
886 3600 950 3654 acite
973 3597 1081 3652 delectis
1096 3599 1230 3670 exemplis.

174 3686 256 3738 Recte
274 3681 346 3736 enirn
368 3679 503 3752 judicabat
518 3681 671 3746 Corneliae,
691 3681 854 3752 precipuum
871 3697 926 3732 eeae
942 3678 1081 3748 biographi
1097 3677 1232 3742 officium,

66 3813 70 3832 ,
174 3781 278 3818 amare
290 3779 377 3814 morea
395 3779 502 3826 eorum,
527 3777 641 3830 quornm
654 3759 735 3812 ritetn
752 3757 900 3812 deecrihere
912 3757 1033 3810 inetitnit.

213 3843 276 3908 Quo
289 3851 417 3914 apparatu
436 3841 579 3893 inetructua
600 3837 634 3892 ad
649 3839 701 3892 hoc
720 3857 786 3910 opue
803 3855 832 3892 ee
850 3836 1009 3900 accinxerit,
1032 3836 1059 3886 in
1077 3834 1231 3905 prelatione

174 3921 299 3976 lectorem
305 3939 361 3974 non
375 3918 461 3974 docet.
476 3917 618 3991 Epaucie,
632 3936 693 3988 qua
706 3917 734 3970 in
745 3918 803 3989 ipeo
816 3917 886 3970 libro
896 3925 1052 3976 occurrunt,
1063 3913 1232 3968 citationihua

176 4012 262 4070 patet,
278 3999 311 4055 ed
324 4017 417 4054 manue
436 3999 516 4054 iuieee
532 3997 656 4051 Cornelio
669 3998 697 4050 in
710 3997 788 4050 rebue
807 3994 905 4048 Greci·
923 3991 1110 4064 cognoscendis
1124 3993 1233 4065 Thucy·

175 4077 487 4153 didem,'l'laeopompnna
498 4091 525 4132 et
535 4077 679 4140 Timaeum,
692 4075 808 4128 inrebue
816 4073 909 4126 Siculie
917 4071 1057 4126 Philistum
1066 4111 1074 4137 ,
1082 4073 1110 4126 in
1121 4071 1233 4126 Pernicie

173 4155 319 4227 Dinonena,
337 4160 366 4214 in
379 4158 505 4213 Romania
518 4167 614 4230 prater
625 4155 691 4208 alica
705 4153 859 4225 Polybium,
881 4164 911 4206 ut
926 4163 952 4205 et
964 4151 993 4204 in
1010 4151 1065 4205 vita
1076 4151 1232 4206 Hannibalie
