3200 5130
383 468 431 540 62
526 467 530 474 ’
650 471 919 540 CORNELII
946 475 1177 542 NEPOTIS

380 613 1435 646 MMQWMWWRMUMMSWWW

868 779 954 865 tv.

623 981 1187 1176 LYSANDER.

754 1231 1073 1260 w

706 1413 1107 1483 ARGUMENTUM.

377 1583 444 1639 Cer.
454 1581 481 1650 13
491 1577 672 1634 Athenarum
679 1577 772 1634 victor
781 1577 962 1636 decemviros
972 1577 1139 1636 civitatibus
1147 1577 1272 1656 imponit
1279 1581 1440 1658 Lysander.

415 1707 452 1717 -
475 1676 521 1742 11;
545 1676 579 1730 In
599 1671 721 1732 Thasios
741 1671 886 1732 subdolus
904 1686 934 1732 et
954 1672 1092 1733 crudelis.
1112 1677 1232 1747 -111;
1253 1677 1441 1738 lacedaemo-

414 1770 532 1827 niorum
545 1790 629 1849 reges
637 1769 741 1828 tollere
752 1783 782 1828 et
796 1771 914 1828 oracula
926 1791 1115 1850 corrumpere
1130 1785 1263 1831 conatur.
1277 1779 1441 1834 Accusatus

415 1865 592 1939 absolvitur3
611 1866 755 1925 occiditur
768 1887 784 1925 a
799 1867 956 1926 Thebanis.
976 1872 1086 1941 -1v3
1103 1871 1170 1947 Ipse
1186 1889 1258 1928 suus
1276 1885 1438 1932 accusetur.

599 2057 1206 2094 *w

371 2204 627 2328 Lussnnnn
641 2255 663 2344 ¹,
685 2255 973 2345 LscedaemonIus,
993 2281 1147 2351 magnam
1165 2259 1296 2353 reliquit
1315 2263 1365 2328 sui
1387 2261 1434 2329 fa·

371 2390 459 2434 snam
478 2365 582 2460 magis
601 2362 775 2451 felicitate,
794 2387 893 2456 quarn
912 2365 1033 2432 virtute
1056 2379 1195 2458 partam.
1217 2366 1434 2437 Athenienses

371 2473 481 2558 enim,
502 2469 560 2539 in¹
583 2469 839 2564 Peloponnesios
860 2485 951 2539 sexto
975 2485 1008 2540 et
1026 2473 1182 2541 vicesimo
1203 2496 1291 2541 anno
1308 2469 1433 2542 bellum

370 2591 542 2673 gerentes,
562 2576 742 2646 confecisse
761 2591 900 2673 apparet
923 2604 930 2644 :
952 2576 1070 2671 idque
1091 2580 1217 2646 ratione
1235 2594 1433 2650 consecutus

410 2773 474 2825 Cer.
496 2772 518 2824 1.
539 2791 563 2824 r.
584 2771 716 2843 Lysander.
732 2770 878 2823 Aristocliti
921 2770 992 2822 sanie
1001 2807 1009 2836 ,
1018 2771 1074 2835 Vl,
1088 2770 1121 2836 3,
1134 2782 1252 2824 vocatur.
1262 2803 1303 2813 —
1316 2771 1432 2824 Loeedoe·

369 2851 460 2919 lilius,
483 2871 515 2905 ex
534 2849 735 2904 Heraclidamm
757 2869 852 2920 genere
868 2869 877 2914 ς
921 2853 1021 2902 mortius.
1037 2847 1174 2921 Lysander
1197 2851 1355 2922 perpetuos
1367 2851 1431 2904 scri·

368 2931 430 2997 sed,
449 2945 479 2983 ut
495 2929 577 2993 addit¹
587 2930 763 2994 Plutarchus,
782 2933 825 2981 οὐκ
846 2930 879 2981 oi·
920 2931 1041 3000 ptorihus
1057 2929 1204 3001 appellatur
1220 2931 1429 2990 Lacedaemonius,

369 3013 423 3072 κίας
440 3009 576 3070 duodenne.
593 3011 713 3074 Etenim,
729 3007 794 3060 dues
809 3027 877 3080 prae·
921 3009 960 3062 uti
976 3027 990 3060 a
1005 3009 1155 3072 Cicerone,
1172 3007 1206 3062 de
1221 3009 1310 3062 Divin.
1327 3011 1359 3076 l,
1376 3009 1431 3076 34,

369 3103 410 3143 ter
425 3091 508 3160 regias
530 3088 730 3142 Heraclidemm
751 3087 874 3150 familias,
921 3089 1152 3140 lacedemoniorum
1164 3090 1315 3142 clarissimus.
1325 3088 1379 3155 Qui
1390 3101 1430 3143 ta·

369 3171 426 3221 alies
439 3187 545 3240 quoque
560 3167 630 3239 apud
646 3168 787 3240 Spartanos
797 3167 878 3219 llere·
920 3187 981 3220 men
1003 3169 1047 3222 hic
1068 3187 1123 3221 non
1144 3181 1236 3234 uetus,
1257 3167 1302 3222 sed
1323 3171 1430 3222 civitate

369 3247 515 3310 didacum,
531 3245 578 3299 sed
590 3249 700 3319 private
715 3259 790 3300 erant
804 3248 877 3299 sami·
919 3246 1040 3302 donatus.
1055 3247 1126 3300 Vide
1149 3249 1260 3320 interpr.
1280 3246 1313 3300 ad
1332 3249 1428 3302 AElian.

368 3329 429 3391 lise,
451 3347 482 3380 ex
503 3346 616 3399 quarum
642 3346 695 3379 uns
721 3340 794 3379 ortus
821 3339 877 3379 eret
919 3328 984 3380 Var.
1008 3327 1426 3402 nist.·xl11,s‚etc2·agium

368 3405 514 3478 Lysander.
544 3409 583 3459 De
611 3405 800 3473 mothaoihus,
825 3407 876 3459 hoc
919 3405 953 3460 de
968 3425 1024 3479 rep.
1041 3408 1102 3460 Lac.
1117 3408 1144 3472 l,
1161 3409 1186 3460 5.

368 3501 423 3552 est,
443 3488 485 3541 vel
508 3488 588 3539 servis
608 3488 713 3558 pneris,
729 3485 770 3538 vel
785 3487 875 3538 liberis
961 3507 985 3540 a.
1008 3489 1046 3540 In.
1069 3487 1122 3540 Pro
1145 3485 1277 3540 adversus.
1298 3487 1338 3540 lta
1363 3486 1424 3540 Sall.

368 3567 537 3630 hominihus,
556 3566 598 3619 vel
620 3567 741 3618 libertate
756 3565 875 3632 donatis,
920 3566 996 3619 Catil.
1018 3567 1079 3618 IX:
1101 3571 1125 3618 in
1143 3568 1231 3619 hortem
1249 3581 1424 3638 pugnaturum.

368 3649 414 3719 qui
426 3665 485 3700 cum
497 3647 699 3716 locupletiorum
709 3644 875 3698 Lacedaemo·
918 3645 1000 3699 Serto.
1009 3647 1061 3699 Alii
1075 3647 1187 3717 septimo
1195 3659 1222 3699 et
1232 3646 1357 3698 vicesimo
1367 3665 1426 3699 nar·

368 3726 572 3781 niorumliheris
579 3725 876 3796 educabantur,etquo·
918 3738 993 3790 rent,
1006 3739 1087 3798 prout
1106 3727 1170 3779 helli
1186 3727 1292 3778 initium
1307 3723 1422 3780 ducitur.

361 3827 427 3862 rum
437 3827 504 3860 unus
515 3805 652 3879 Lysander
663 3805 741 3859 Inisae
754 3804 875 3858 dicituro
918 3838 958 3848 —-
975 3805 1070 3858 Bellum
1088 3817 1202 3875 gerentes.
1222 3807 1256 3858 Et
1276 3806 1423 3878 pestilentie

367 3888 526 3960 Phylarcho,
534 3885 874 3960 apudrltheneum‚VI,so;
917 3899 1043 3950 raetos,
1063 3898 1094 3939 ut
1117 3884 1226 3939 tradunt
1248 3885 1423 3952 Plutarchus3

365 3967 427 4020 vide
440 3969 600 4033 Meursium,
616 3968 759 4020 Miscellau.
775 3966 872 4018 Lacon.
917 3966 1088 4036 Xenophon,
1102 3967 1144 4030 11,
1168 3965 1205 4019 de
1219 3966 1298 4019 rebus
1319 3966 1426 4036 groslu

366 4045 444 4098 Pater
455 4051 512 4119 ejus
526 4067 582 4100 non
595 4041 798 4118 Ᾰριστονλιῖτος,
816 4057 845 4097 ut
858 4064 873 4097 a
918 4044 1053 4099 Diodorus
1069 4045 1188 4112 Siculus,
1201 4045 1248 4097 lih.
1260 4045 1347 4109 XIII,
1357 4057 1425 4098 extr.

366 4125 525 4192 Plutarcho,
537 4125 582 4180 sed
597 4127 769 4180 Aristocritus
781 4144 795 4177 a
807 4125 874 4177 Pau·
916 4157 956 4169 -
964 4125 1107 4194 confecisse.
1118 4127 1140 4179 1.
1148 4125 1285 4197 epeuittu
1295 4124 1426 4178 stravisse.
