<?xml version="1.0" encoding="UTF-8"?>
<!DOCTYPE html PUBLIC "-//W3C//DTD XHTML 1.0 Transitional//EN"
    "http://www.w3.org/TR/xhtml1/DTD/xhtml1-transitional.dtd">
<html xmlns="http://www.w3.org/1999/xhtml" xml:lang="en" lang="en">
 <head>
  <title>
</title>
<meta http-equiv="Content-Type" content="text/html;charset=utf-8" />
  <meta name='ocr-system' content='tesseract 3.04.00' />
  <meta name='ocr-capabilities' content='ocr_page ocr_carea ocr_par ocr_line ocrx_word'/>
</head>
<body>
  <div class='ocr_page' id='page_1' title='image "./corneliusnepose00descgoog_0093.png"; bbox 0 0 3200 5130; ppageno 0'>
   <div class='ocr_carea' id='block_1_1' title="bbox 383 481 1179 560">
    <p class='ocr_par' dir='ltr' id='par_1_1' title="bbox 383 481 1179 560">
     <span class='ocr_line' id='line_1_1' title="bbox 383 481 1179 560; baseline -0.013 0"><span class='ocrx_word' id='word_1_1' title='bbox 383 515 431 560; x_wconf 80' lang='lat'><strong>20</strong></span> <span class='ocrx_word' id='word_1_2' title='bbox 647 482 916 552; x_wconf 86' lang='lat' dir='ltr'>CORNELII</span> <span class='ocrx_word' id='word_1_3' title='bbox 947 481 1179 550; x_wconf 85' lang='lat' dir='ltr'>NEPOTIS</span> 
     </span>
    </p>
   </div>
   <div class='ocr_carea' id='block_1_2' title="bbox 380 624 1442 654">
    <p class='ocr_par' dir='ltr' id='par_1_2' title="bbox 380 624 1442 654">
     <span class='ocr_line' id='line_1_2' title="bbox 380 624 1442 654; baseline -0.007 -1"><span class='ocrx_word' id='word_1_4' title='bbox 380 627 886 654; x_wconf 59' lang='lat' dir='ltr'><strong>mmmmm</strong></span> <span class='ocrx_word' id='word_1_5' title='bbox 889 624 1442 646; x_wconf 56' lang='lat' dir='ltr'><strong>mmmmm</strong></span> 
     </span>
    </p>
   </div>
   <div class='ocr_carea' id='block_1_3' title="bbox 540 776 1280 1114">
    <p class='ocr_par' dir='ltr' id='par_1_3' title="bbox 540 776 1280 1114">
     <span class='ocr_line' id='line_1_3' title="bbox 875 776 1112 863; baseline -0.013 0"><span class='ocrx_word' id='word_1_6' title='bbox 875 776 949 863; x_wconf 92' lang='lat'><strong>11.</strong></span> <span class='ocrx_word' id='word_1_7' title='bbox 1106 825 1112 841; x_wconf 77' lang='lat'><em>·</em></span> 
     </span>
     <span class='ocr_line' id='line_1_4' title="bbox 540 983 1280 1114; baseline -0.012 -1"><span class='ocrx_word' id='word_1_8' title='bbox 540 983 1280 1114; x_wconf 87' lang='lat' dir='ltr'>THEMISTOCLES.</span> 
     </span>
    </p>
   </div>
   <div class='ocr_carea' id='block_1_4' title="bbox 758 1245 1045 1276">
    <p class='ocr_par' dir='ltr' id='par_1_4' title="bbox 758 1245 1045 1276">
     <span class='ocr_line' id='line_1_5' title="bbox 758 1245 1045 1276; baseline -0.01 0"><span class='ocrx_word' id='word_1_9' title='bbox 758 1245 1045 1276; x_wconf 47' lang='grc' dir='ltr'><strong>-ψ-</strong></span> 
     </span>
    </p>
   </div>
   <div class='ocr_carea' id='block_1_5' title="bbox 711 1447 1113 1518">
    <p class='ocr_par' dir='ltr' id='par_1_5' title="bbox 711 1447 1113 1518">
     <span class='ocr_line' id='line_1_6' title="bbox 711 1447 1113 1518; baseline -0.005 -1"><span class='ocrx_word' id='word_1_10' title='bbox 711 1447 1113 1518; x_wconf 79' lang='lat' dir='ltr'><strong>ARGUMENTUM.</strong></span> 
     </span>
    </p>
   </div>
   <div class='ocr_carea' id='block_1_6' title="bbox 382 1608 1448 2562">
    <p class='ocr_par' dir='ltr' id='par_1_6' title="bbox 382 1608 1448 2562">
     <span class='ocr_line' id='line_1_7' title="bbox 382 1608 1444 1684; baseline -0.003 -11"><span class='ocrx_word' id='word_1_11' title='bbox 382 1619 450 1678; x_wconf 75' lang='lat' dir='ltr'><strong>Car.</strong></span> <span class='ocrx_word' id='word_1_12' title='bbox 467 1616 498 1684; x_wconf 86' lang='lat' dir='ltr'><strong>I;</strong></span> <span class='ocrx_word' id='word_1_13' title='bbox 513 1609 726 1673; x_wconf 82' lang='lat' dir='ltr'><strong>Themistocles</strong></span> <span class='ocrx_word' id='word_1_14' title='bbox 744 1609 914 1669; x_wconf 68' lang='lat' dir='ltr'><strong>adolescens</strong></span> <span class='ocrx_word' id='word_1_15' title='bbox 929 1609 1051 1668; x_wconf 89' lang='lat' dir='ltr'><strong>liberius</strong></span> <span class='ocrx_word' id='word_1_16' title='bbox 1063 1609 1144 1668; x_wconf 81' lang='lat' dir='ltr'><strong>vivit.</strong></span> <span class='ocrx_word' id='word_1_17' title='bbox 1163 1608 1368 1670; x_wconf 69' lang='lat' dir='ltr'><strong>Exheredutns</strong></span> <span class='ocrx_word' id='word_1_18' title='bbox 1383 1609 1444 1671; x_wconf 81' lang='lat' dir='ltr'><strong>rei-</strong></span> 
     </span>
     <span class='ocr_line' id='line_1_8' title="bbox 421 1707 1445 1793; baseline -0.002 -22"><span class='ocrx_word' id='word_1_19' title='bbox 421 1711 548 1793; x_wconf 71' lang='lat' dir='ltr'><strong>publice</strong></span> <span class='ocrx_word' id='word_1_20' title='bbox 561 1731 591 1769; x_wconf 89' lang='lat' dir='ltr'><strong>se</strong></span> <span class='ocrx_word' id='word_1_21' title='bbox 605 1709 746 1768; x_wconf 82' lang='lat' dir='ltr'><strong>dedit-</strong></span> <span class='ocrx_word' id='word_1_22' title='bbox 755 1707 1076 1786; x_wconf 70' lang='lat' dir='ltr'><strong>n3012ruscorcyraeo</strong></span> <span class='ocrx_word' id='word_1_23' title='bbox 1090 1720 1119 1766; x_wconf 97' lang='lat' dir='ltr'><strong>et</strong></span> <span class='ocrx_word' id='word_1_24' title='bbox 1133 1709 1249 1767; x_wconf 89' lang='lat' dir='ltr'><strong>Persico</strong></span> <span class='ocrx_word' id='word_1_25' title='bbox 1266 1708 1356 1767; x_wconf 89' lang='lat' dir='ltr'><strong>bello.</strong></span> <span class='ocrx_word' id='word_1_26' title='bbox 1367 1713 1445 1769; x_wconf 82' lang='lat' dir='ltr'><strong>Ora-</strong></span> 
     </span>
     <span class='ocr_line' id='line_1_9' title="bbox 421 1804 1445 1884; baseline -0.004 -16"><span class='ocrx_word' id='word_1_27' title='bbox 421 1809 522 1868; x_wconf 87' lang='lat' dir='ltr'><strong>culnm</strong></span> <span class='ocrx_word' id='word_1_28' title='bbox 534 1807 572 1865; x_wconf 87' lang='lat' dir='ltr'><strong>de</strong></span> <span class='ocrx_word' id='word_1_29' title='bbox 588 1805 680 1863; x_wconf 88' lang='lat' dir='ltr'><strong>muris</strong></span> <span class='ocrx_word' id='word_1_30' title='bbox 693 1804 799 1884; x_wconf 76' lang='lat' dir='ltr'>ligneis</span> <span class='ocrx_word' id='word_1_31' title='bbox 811 1805 1032 1883; x_wconf 87' lang='lat' dir='ltr'><strong>interpretatur.</strong></span> <span class='ocrx_word' id='word_1_32' title='bbox 1048 1839 1086 1848; x_wconf 90' lang='lat'><em>-</em></span> <span class='ocrx_word' id='word_1_33' title='bbox 1102 1805 1163 1876; x_wconf 83' lang='lat' dir='ltr'><strong>In;</strong></span> <span class='ocrx_word' id='word_1_34' title='bbox 1181 1805 1351 1864; x_wconf 86' lang='lat' dir='ltr'><strong>Secundum</strong></span> <span class='ocrx_word' id='word_1_35' title='bbox 1367 1825 1445 1883; x_wconf 86' lang='lat' dir='ltr'><strong>prae-</strong></span> 
     </span>
     <span class='ocr_line' id='line_1_10' title="bbox 422 1899 1448 1976; baseline -0.003 -13"><span class='ocrx_word' id='word_1_36' title='bbox 422 1905 497 1963; x_wconf 89' lang='lat' dir='ltr'><strong>lium</strong></span> <span class='ocrx_word' id='word_1_37' title='bbox 510 1903 547 1962; x_wconf 87' lang='lat' dir='ltr'><strong>ad</strong></span> <span class='ocrx_word' id='word_1_38' title='bbox 558 1901 758 1962; x_wconf 81' lang='lat' dir='ltr'><strong>Artemisium.</strong></span> <span class='ocrx_word' id='word_1_39' title='bbox 773 1932 813 1946; x_wconf 90' lang='lat'>-</span> <span class='ocrx_word' id='word_1_40' title='bbox 826 1903 885 1970; x_wconf 86' lang='lat' dir='ltr'><strong>1V;</strong></span> <span class='ocrx_word' id='word_1_41' title='bbox 899 1899 977 1959; x_wconf 93' lang='lat' dir='ltr'><strong>Dolo</strong></span> <span class='ocrx_word' id='word_1_42' title='bbox 988 1901 1117 1959; x_wconf 80' lang='lat' dir='ltr'>Xerxem</span> <span class='ocrx_word' id='word_1_43' title='bbox 1129 1902 1220 1958; x_wconf 81' lang='lat' dir='ltr'><strong>vincit</strong></span> <span class='ocrx_word' id='word_1_44' title='bbox 1230 1902 1314 1976; x_wconf 81' lang='lat' dir='ltr'><strong>juxta</strong></span> <span class='ocrx_word' id='word_1_45' title='bbox 1329 1901 1448 1962; x_wconf 81' lang='lat' dir='ltr'><strong>Salami-</strong></span> 
     </span>
     <span class='ocr_line' id='line_1_11' title="bbox 423 1996 1447 2076; baseline -0.002 -16"><span class='ocrx_word' id='word_1_46' title='bbox 423 2022 471 2060; x_wconf 91' lang='lat' dir='ltr'><strong>na.</strong></span> <span class='ocrx_word' id='word_1_47' title='bbox 485 2030 525 2046; x_wconf 89' lang='lat'><strong>—-</strong></span> <span class='ocrx_word' id='word_1_48' title='bbox 533 2004 574 2070; x_wconf 87' lang='lat' dir='ltr'><strong>V;</strong></span> <span class='ocrx_word' id='word_1_49' title='bbox 586 1997 702 2056; x_wconf 83' lang='lat' dir='ltr'><strong>Callido</strong></span> <span class='ocrx_word' id='word_1_50' title='bbox 713 1997 817 2055; x_wconf 91' lang='lat' dir='ltr'><strong>nuntio</strong></span> <span class='ocrx_word' id='word_1_51' title='bbox 830 1997 971 2056; x_wconf 72' lang='lat' dir='ltr'><strong>Graeciam</strong></span> <span class='ocrx_word' id='word_1_52' title='bbox 983 1996 1099 2055; x_wconf 85' lang='lat' dir='ltr'><strong>liberat.</strong></span> <span class='ocrx_word' id='word_1_53' title='bbox 1112 2029 1152 2042; x_wconf 96' lang='lat'>-</span> <span class='ocrx_word' id='word_1_54' title='bbox 1161 2001 1217 2068; x_wconf 84' lang='lat' dir='ltr'><strong>v1;</strong></span> <span class='ocrx_word' id='word_1_55' title='bbox 1232 1998 1314 2056; x_wconf 81' lang='lat' dir='ltr'><strong>Piraei</strong></span> <span class='ocrx_word' id='word_1_56' title='bbox 1327 2011 1447 2076; x_wconf 86' lang='lat' dir='ltr'><strong>portum</strong></span> 
     </span>
     <span class='ocr_line' id='line_1_12' title="bbox 423 2093 1445 2172; baseline -0.002 -16"><span class='ocrx_word' id='word_1_57' title='bbox 423 2111 454 2157; x_wconf 86' lang='lat' dir='ltr'><strong>et</strong></span> <span class='ocrx_word' id='word_1_58' title='bbox 464 2115 566 2154; x_wconf 88' lang='lat' dir='ltr'><strong>muros</strong></span> <span class='ocrx_word' id='word_1_59' title='bbox 577 2095 758 2153; x_wconf 78' lang='lat' dir='ltr'><strong>Athenarum</strong></span> <span class='ocrx_word' id='word_1_60' title='bbox 769 2093 886 2152; x_wconf 81' lang='lat' dir='ltr'><strong>extruit.</strong></span> <span class='ocrx_word' id='word_1_61' title='bbox 907 2093 1120 2152; x_wconf 69' lang='lat' dir='ltr'><strong>Lacedaemonii</strong></span> <span class='ocrx_word' id='word_1_62' title='bbox 1136 2107 1310 2172; x_wconf 74' lang='lat' dir='ltr'><strong>repugnant.</strong></span> <span class='ocrx_word' id='word_1_63' title='bbox 1328 2129 1365 2140; x_wconf 90' lang='lat'><em>-</em></span> <span class='ocrx_word' id='word_1_64' title='bbox 1375 2099 1445 2168; x_wconf 83' lang='lat' dir='ltr'><strong>vu;</strong></span> 
     </span>
     <span class='ocr_line' id='line_1_13' title="bbox 423 2191 1446 2269; baseline -0.003 -15"><span class='ocrx_word' id='word_1_65' title='bbox 423 2194 660 2255; x_wconf 71' lang='lat' dir='ltr'><strong>Lacedaemonios</strong></span> <span class='ocrx_word' id='word_1_66' title='bbox 676 2204 738 2250; x_wconf 88' lang='lat' dir='ltr'><strong>arte</strong></span> <span class='ocrx_word' id='word_1_67' title='bbox 753 2192 851 2249; x_wconf 88' lang='lat' dir='ltr'><strong>elusos</strong></span> <span class='ocrx_word' id='word_1_68' title='bbox 866 2191 971 2249; x_wconf 85' lang='lat' dir='ltr'><strong>acriter</strong></span> <span class='ocrx_word' id='word_1_69' title='bbox 987 2191 1186 2269; x_wconf 86' lang='lat' dir='ltr'><strong>reprehendit.</strong></span> <span class='ocrx_word' id='word_1_70' title='bbox 1196 2234 1233 2245; x_wconf 91' lang='lat'><em>-</em></span> <span class='ocrx_word' id='word_1_71' title='bbox 1244 2195 1314 2250; x_wconf 87' lang='lat' dir='ltr'>VIII</span> <span class='ocrx_word' id='word_1_72' title='bbox 1325 2213 1333 2266; x_wconf 87' lang='lat'>;</span> <span class='ocrx_word' id='word_1_73' title='bbox 1344 2197 1446 2253; x_wconf 83' lang='lat' dir='ltr'><strong>Ostre-</strong></span> 
     </span>
     <span class='ocr_line' id='line_1_14' title="bbox 425 2285 1446 2366; baseline -0.002 -16"><span class='ocrx_word' id='word_1_74' title='bbox 425 2293 516 2351; x_wconf 85' lang='lat' dir='ltr'><strong>cismo</strong></span> <span class='ocrx_word' id='word_1_75' title='bbox 533 2287 698 2348; x_wconf 84' lang='lat' dir='ltr'><strong>inexilium</strong></span> <span class='ocrx_word' id='word_1_76' title='bbox 715 2289 837 2366; x_wconf 85' lang='lat' dir='ltr'><strong>ejectus,</strong></span> <span class='ocrx_word' id='word_1_77' title='bbox 850 2287 931 2345; x_wconf 84' lang='lat' dir='ltr'><strong>varia</strong></span> <span class='ocrx_word' id='word_1_78' title='bbox 946 2285 1016 2365; x_wconf 82' lang='lat' dir='ltr'><strong>fuga</strong></span> <span class='ocrx_word' id='word_1_79' title='bbox 1035 2288 1169 2365; x_wconf 76' lang='lat' dir='ltr'><strong>agitatur.</strong></span> <span class='ocrx_word' id='word_1_80' title='bbox 1182 2319 1223 2334; x_wconf 92' lang='lat'><em>-</em></span> <span class='ocrx_word' id='word_1_81' title='bbox 1236 2290 1279 2348; x_wconf 85' lang='lat' dir='ltr'><strong>1x</strong></span> <span class='ocrx_word' id='word_1_82' title='bbox 1287 2311 1296 2360; x_wconf 89' lang='lat'>;</span> <span class='ocrx_word' id='word_1_83' title='bbox 1311 2287 1446 2348; x_wconf 85' lang='lat' dir='ltr'><strong>Themis—</strong></span> 
     </span>
     <span class='ocr_line' id='line_1_15' title="bbox 428 2385 1446 2464; baseline -0.002 -18"><span class='ocrx_word' id='word_1_84' title='bbox 428 2389 510 2446; x_wconf 83' lang='lat' dir='ltr'><strong>toclis</strong></span> <span class='ocrx_word' id='word_1_85' title='bbox 526 2387 563 2446; x_wconf 89' lang='lat' dir='ltr'><strong>ad</strong></span> <span class='ocrx_word' id='word_1_86' title='bbox 577 2393 766 2444; x_wconf 79' lang='lat' dir='ltr'><strong>Artaxerxem</strong></span> <span class='ocrx_word' id='word_1_87' title='bbox 787 2385 901 2444; x_wconf 86' lang='lat' dir='ltr'><strong>litterae.</strong></span> <span class='ocrx_word' id='word_1_88' title='bbox 920 2415 960 2430; x_wconf 89' lang='lat'><em>-</em></span> <span class='ocrx_word' id='word_1_89' title='bbox 973 2388 1018 2458; x_wconf 84' lang='lat' dir='ltr'><strong>X;</strong></span> <span class='ocrx_word' id='word_1_90' title='bbox 1036 2385 1141 2442; x_wconf 85' lang='lat' dir='ltr'><strong>Multis</strong></span> <span class='ocrx_word' id='word_1_91' title='bbox 1154 2385 1329 2445; x_wconf 88' lang='lat' dir='ltr'><strong>muneribus</strong></span> <span class='ocrx_word' id='word_1_92' title='bbox 1343 2407 1360 2446; x_wconf 85' lang='lat' dir='ltr'><strong>a</strong></span> <span class='ocrx_word' id='word_1_93' title='bbox 1378 2406 1446 2464; x_wconf 84' lang='lat' dir='ltr'><strong>rege</strong></span> 
     </span>
     <span class='ocr_line' id='line_1_16' title="bbox 426 2482 1150 2562; baseline -0.007 -18"><span class='ocrx_word' id='word_1_94' title='bbox 426 2497 562 2544; x_wconf 85' lang='lat' dir='ltr'><strong>ornatur.</strong></span> <span class='ocrx_word' id='word_1_95' title='bbox 581 2484 737 2562; x_wconf 71' lang='lat' dir='ltr'><strong>Magnesiae</strong></span> <span class='ocrx_word' id='word_1_96' title='bbox 751 2484 886 2542; x_wconf 87' lang='lat' dir='ltr'><strong>moritur.</strong></span> <span class='ocrx_word' id='word_1_97' title='bbox 902 2482 972 2561; x_wconf 87' lang='lat' dir='ltr'><strong>Ejus</strong></span> <span class='ocrx_word' id='word_1_98' title='bbox 987 2483 1150 2562; x_wconf 75' lang='lat' dir='ltr'><strong>sepultura,</strong></span> 
     </span>
    </p>
   </div>
   <div class='ocr_carea' id='block_1_7' title="bbox 673 2671 1175 2710">
    <p class='ocr_par' dir='ltr' id='par_1_7' title="bbox 673 2671 1175 2710">
     <span class='ocr_line' id='line_1_17' title="bbox 673 2671 1175 2710; baseline -0.004 -1"><span class='ocrx_word' id='word_1_99' title='bbox 673 2671 1175 2710; x_wconf 47' lang='grc' dir='ltr'><strong>ψ-</strong></span> 
     </span>
    </p>
   </div>
   <div class='ocr_carea' id='block_1_8' title="bbox 388 2869 1451 3434">
    <p class='ocr_par' dir='ltr' id='par_1_8' title="bbox 388 2869 1451 3434">
     <span class='ocr_line' id='line_1_18' title="bbox 388 2869 1450 3012; baseline 0 -24"><span class='ocrx_word' id='word_1_100' title='bbox 388 2869 760 3000; x_wconf 76' lang='lat' dir='ltr'><strong>Tnumsrouues,</strong></span> <span class='ocrx_word' id='word_1_101' title='bbox 778 2913 911 2983; x_wconf 89' lang='lat' dir='ltr'><strong>Neoclis</strong></span> <span class='ocrx_word' id='word_1_102' title='bbox 922 2911 1245 3001; x_wconf 85' lang='lat' dir='ltr'><strong>lilius‚Atl1eniensis.</strong></span> <span class='ocrx_word' id='word_1_103' title='bbox 1257 2914 1450 3012; x_wconf 84' lang='lat' dir='ltr'><strong>Hujusvitia</strong></span> 
     </span>
     <span class='ocr_line' id='line_1_19' title="bbox 389 3019 1448 3114; baseline 0 -19"><span class='ocrx_word' id='word_1_104' title='bbox 389 3029 531 3095; x_wconf 88' lang='lat' dir='ltr'><strong>ineuntis</strong></span> <span class='ocrx_word' id='word_1_105' title='bbox 553 3019 799 3092; x_wconf 84' lang='lat' dir='ltr'><strong>adolescentiae¹</strong></span> <span class='ocrx_word' id='word_1_106' title='bbox 820 3020 947 3114; x_wconf 81' lang='lat' dir='ltr'><strong>magnis</strong></span> <span class='ocrx_word' id='word_1_107' title='bbox 969 3033 1045 3088; x_wconf 90' lang='lat' dir='ltr'><strong>sunt</strong></span> <span class='ocrx_word' id='word_1_108' title='bbox 1065 3021 1237 3091; x_wconf 85' lang='lat' dir='ltr'><strong>emendate</strong></span> <span class='ocrx_word' id='word_1_109' title='bbox 1255 3025 1448 3094; x_wconf 87' lang='lat' dir='ltr'><strong>virtutibus:</strong></span> 
     </span>
     <span class='ocr_line' id='line_1_20' title="bbox 390 3125 1450 3222; baseline -0.003 -20"><span class='ocrx_word' id='word_1_110' title='bbox 390 3133 473 3212; x_wconf 79' lang='lat' dir='ltr'><strong>adeo</strong></span> <span class='ocrx_word' id='word_1_111' title='bbox 487 3145 525 3198; x_wconf 90' lang='lat' dir='ltr'><strong>ut</strong></span> <span class='ocrx_word' id='word_1_112' title='bbox 541 3127 743 3196; x_wconf 84' lang='lat' dir='ltr'><strong>anteferatur</strong></span> <span class='ocrx_word' id='word_1_113' title='bbox 756 3125 833 3194; x_wconf 92' lang='lat' dir='ltr'><strong>huic</strong></span> <span class='ocrx_word' id='word_1_114' title='bbox 849 3148 963 3212; x_wconf 89' lang='lat' dir='ltr'><strong>nemo,</strong></span> <span class='ocrx_word' id='word_1_115' title='bbox 983 3128 1080 3218; x_wconf 90' lang='lat' dir='ltr'><strong>pauci</strong></span> <span class='ocrx_word' id='word_1_116' title='bbox 1090 3151 1185 3222; x_wconf 83' lang='lat' dir='ltr'><strong>peres</strong></span> <span class='ocrx_word' id='word_1_117' title='bbox 1201 3143 1369 3221; x_wconf 87' lang='lat' dir='ltr'><strong>putentur.</strong></span> <span class='ocrx_word' id='word_1_118' title='bbox 1385 3129 1450 3200; x_wconf 90' lang='lat' dir='ltr'><strong>Sed</strong></span> 
     </span>
     <span class='ocr_line' id='line_1_21' title="bbox 390 3225 1450 3328; baseline -0.001 -22"><span class='ocrx_word' id='word_1_119' title='bbox 390 3238 432 3306; x_wconf 92' lang='lat' dir='ltr'><strong>ab</strong></span> <span class='ocrx_word' id='word_1_120' title='bbox 441 3237 534 3304; x_wconf 89' lang='lat' dir='ltr'><strong>initio</strong></span> <span class='ocrx_word' id='word_1_121' title='bbox 551 3247 601 3300; x_wconf 87' lang='lat' dir='ltr'><strong>est</strong></span> <span class='ocrx_word' id='word_1_122' title='bbox 609 3225 814 3300; x_wconf 89' lang='lat' dir='ltr'><strong>ordiendum&#39;.</strong></span> <span class='ocrx_word' id='word_1_123' title='bbox 825 3232 922 3300; x_wconf 87' lang='lat' dir='ltr'><strong>Pater</strong></span> <span class='ocrx_word' id='word_1_124' title='bbox 934 3231 1002 3324; x_wconf 81' lang='lat' dir='ltr'><strong>ejus</strong></span> <span class='ocrx_word' id='word_1_125' title='bbox 1017 3231 1158 3312; x_wconf 79' lang='lat' dir='ltr'><strong>Neocles</strong></span> <span class='ocrx_word' id='word_1_126' title='bbox 1169 3233 1363 3328; x_wconf 81' lang='lat' dir='ltr'><strong>generosus²</strong></span> <span class='ocrx_word' id='word_1_127' title='bbox 1378 3235 1450 3305; x_wconf 73' lang='lat' dir='ltr'><strong>fuit</strong></span> 
     </span>
     <span class='ocr_line' id='line_1_22' title="bbox 392 3321 1451 3434; baseline -0.001 -22"><span class='ocrx_word' id='word_1_128' title='bbox 392 3347 425 3412; x_wconf 92' lang='lat' dir='ltr'><strong>Is</strong></span> <span class='ocrx_word' id='word_1_129' title='bbox 437 3363 573 3410; x_wconf 80' lang='lat' dir='ltr'><strong>uxorem</strong></span> <span class='ocrx_word' id='word_1_130' title='bbox 592 3321 883 3406; x_wconf 81' lang='lat' dir='ltr'><strong>Halicarnassiam³</strong></span> <span class='ocrx_word' id='word_1_131' title='bbox 907 3339 1013 3406; x_wconf 88' lang='lat' dir='ltr'><strong>civem</strong></span> <span class='ocrx_word' id='word_1_132' title='bbox 1025 3337 1134 3427; x_wconf 84' lang='lat' dir='ltr'><strong>duxit,</strong></span> <span class='ocrx_word' id='word_1_133' title='bbox 1152 3365 1193 3408; x_wconf 90' lang='lat' dir='ltr'><strong>ex</strong></span> <span class='ocrx_word' id='word_1_134' title='bbox 1210 3365 1274 3434; x_wconf 92' lang='lat' dir='ltr'><strong>qua</strong></span> <span class='ocrx_word' id='word_1_135' title='bbox 1294 3357 1451 3413; x_wconf 84' lang='lat' dir='ltr'><strong>natusest</strong></span> 
     </span>
    </p>
   </div>
   <div class='ocr_carea' id='block_1_9' title="bbox 393 3553 1454 4189">
    <p class='ocr_par' dir='ltr' id='par_1_9' title="bbox 393 3553 1454 4189">
     <span class='ocr_line' id='line_1_23' title="bbox 433 3553 1453 3627; baseline -0.001 -12"><span class='ocrx_word' id='word_1_136' title='bbox 433 3563 497 3615; x_wconf 77' lang='lat' dir='ltr'><strong>Car.</strong></span> <span class='ocrx_word' id='word_1_137' title='bbox 506 3559 528 3612; x_wconf 87' lang='lat' dir='ltr'><strong>l.</strong></span> <span class='ocrx_word' id='word_1_138' title='bbox 540 3558 569 3610; x_wconf 88' lang='lat' dir='ltr'><em>V</em></span> <span class='ocrx_word' id='word_1_139' title='bbox 566 3561 610 3610; x_wconf 80' lang='lat' dir='ltr'><strong>itio</strong></span> <span class='ocrx_word' id='word_1_140' title='bbox 616 3557 717 3609; x_wconf 80' lang='lat' dir='ltr'><strong>ineuntis</strong></span> <span class='ocrx_word' id='word_1_141' title='bbox 727 3553 897 3619; x_wconf 75' lang='lat' dir='ltr'><strong>odolescentia,</strong></span> <span class='ocrx_word' id='word_1_142' title='bbox 942 3555 1018 3610; x_wconf 83' lang='lat' dir='ltr'><strong>Graii</strong></span> <span class='ocrx_word' id='word_1_143' title='bbox 1030 3557 1163 3627; x_wconf 75' lang='lat' dir='ltr'><strong>sanguinis</strong></span> <span class='ocrx_word' id='word_1_144' title='bbox 1170 3557 1288 3612; x_wconf 85' lang='lat' dir='ltr'><strong>virorum</strong></span> <span class='ocrx_word' id='word_1_145' title='bbox 1295 3561 1453 3615; x_wconf 81' lang='lat' dir='ltr'><strong>clarissimos</strong></span> 
     </span>
     <span class='ocr_line' id='line_1_24' title="bbox 393 3634 1453 3711; baseline -0.003 -14"><span class='ocrx_word' id='word_1_146' title='bbox 393 3655 444 3697; x_wconf 85' lang='lat' dir='ltr'><strong>ete.</strong></span> <span class='ocrx_word' id='word_1_147' title='bbox 457 3643 497 3694; x_wconf 84' lang='lat' dir='ltr'><strong>Ita</strong></span> <span class='ocrx_word' id='word_1_148' title='bbox 513 3636 584 3710; x_wconf 82' lang='lat' dir='ltr'><strong>apud</strong></span> <span class='ocrx_word' id='word_1_149' title='bbox 605 3637 694 3692; x_wconf 77' lang='lat' dir='ltr'><strong>Valet.</strong></span> <span class='ocrx_word' id='word_1_150' title='bbox 710 3635 779 3689; x_wconf 83' lang='lat' dir='ltr'><strong>Mas.</strong></span> <span class='ocrx_word' id='word_1_151' title='bbox 797 3636 850 3701; x_wconf 91' lang='lat' dir='ltr'><strong>v1,</strong></span> <span class='ocrx_word' id='word_1_152' title='bbox 867 3655 899 3704; x_wconf 83' lang='lat'><strong>9,</strong></span> <span class='ocrx_word' id='word_1_153' title='bbox 943 3634 1066 3688; x_wconf 85' lang='lat' dir='ltr'><strong>extiterit.</strong></span> <span class='ocrx_word' id='word_1_154' title='bbox 1085 3663 1096 3684; x_wconf 83' lang='grc' dir='ltr'>ι</span> <span class='ocrx_word' id='word_1_155' title='bbox 1111 3637 1164 3689; x_wconf 83' lang='lat' dir='ltr'><strong>Ista</strong></span> <span class='ocrx_word' id='word_1_156' title='bbox 1178 3650 1266 3691; x_wconf 83' lang='lat' dir='ltr'><strong>autem</strong></span> <span class='ocrx_word' id='word_1_157' title='bbox 1277 3641 1367 3692; x_wconf 86' lang='lat' dir='ltr'><strong>omnia</strong></span> <span class='ocrx_word' id='word_1_158' title='bbox 1381 3639 1453 3711; x_wconf 81' lang='lat' dir='ltr'><strong>apud</strong></span> 
     </span>
     <span class='ocr_line' id='line_1_25' title="bbox 393 3713 1452 3788; baseline 0.007 -22"><span class='ocrx_word' id='word_1_159' title='bbox 393 3735 474 3778; x_wconf 57' lang='lat' dir='ltr'><strong>exter,</strong></span> <span class='ocrx_word' id='word_1_160' title='bbox 489 3737 522 3773; x_wconf 63' lang='grc' dir='ltr'><strong>,ς</strong></span> <span class='ocrx_word' id='word_1_161' title='bbox 535 3745 547 3766; x_wconf 66' lang='grc' dir='ltr'>ι</span> <span class='ocrx_word' id='word_1_162' title='bbox 563 3716 637 3788; x_wconf 72' lang='lat' dir='ltr'><strong>Piget</strong></span> <span class='ocrx_word' id='word_1_163' title='bbox 647 3715 830 3768; x_wconf 70' lang='lat' dir='ltr'><strong>Themistoclis</strong></span> <span class='ocrx_word' id='word_1_164' title='bbox 840 3713 901 3768; x_wconf 84' lang='lat' dir='ltr'><strong>edo·</strong></span> <span class='ocrx_word' id='word_1_165' title='bbox 944 3715 1012 3768; x_wconf 88' lang='lat' dir='ltr'><strong>Plut.</strong></span> <span class='ocrx_word' id='word_1_166' title='bbox 1026 3715 1054 3768; x_wconf 93' lang='lat' dir='ltr'><strong>in</strong></span> <span class='ocrx_word' id='word_1_167' title='bbox 1067 3715 1218 3788; x_wconf 78' lang='lat' dir='ltr'><strong>Thempro</strong></span> <span class='ocrx_word' id='word_1_168' title='bbox 1227 3718 1296 3771; x_wconf 85' lang='lat' dir='ltr'><strong>Ielsis</strong></span> <span class='ocrx_word' id='word_1_169' title='bbox 1308 3717 1452 3774; x_wconf 79' lang='lat' dir='ltr'><strong>ducuntur.</strong></span> 
     </span>
     <span class='ocr_line' id='line_1_26' title="bbox 393 3795 1454 3870; baseline -0.003 -14"><span class='ocrx_word' id='word_1_170' title='bbox 393 3800 543 3856; x_wconf 82' lang='lat' dir='ltr'><strong>lescentiam</strong></span> <span class='ocrx_word' id='word_1_171' title='bbox 566 3797 710 3868; x_wconf 77' lang='lat' dir='ltr'><strong>attingere,</strong></span> <span class='ocrx_word' id='word_1_172' title='bbox 729 3795 783 3847; x_wconf 82' lang='lat' dir='ltr'><strong>sive</strong></span> <span class='ocrx_word' id='word_1_173' title='bbox 799 3807 901 3864; x_wconf 77' lang='lat' dir='ltr'><strong>petrem</strong></span> <span class='ocrx_word' id='word_1_174' title='bbox 986 3813 1011 3846; x_wconf 83' lang='lat' dir='ltr'><strong>s.</strong></span> <span class='ocrx_word' id='word_1_175' title='bbox 1028 3795 1170 3850; x_wconf 73' lang='lat' dir='ltr'><strong>Generosos.</strong></span> <span class='ocrx_word' id='word_1_176' title='bbox 1188 3797 1278 3850; x_wconf 85' lang='lat' dir='ltr'><strong>Nobili</strong></span> <span class='ocrx_word' id='word_1_177' title='bbox 1297 3817 1392 3870; x_wconf 78' lang='lat' dir='ltr'><strong>genere</strong></span> <span class='ocrx_word' id='word_1_178' title='bbox 1407 3817 1454 3853; x_wconf 87' lang='lat' dir='ltr'><strong>or·</strong></span> 
     </span>
     <span class='ocr_line' id='line_1_27' title="bbox 393 3873 1372 3956; baseline -0.004 -21"><span class='ocrx_word' id='word_1_179' title='bbox 393 3881 516 3956; x_wconf 81' lang='lat' dir='ltr'><strong>aspiciam</strong></span> <span class='ocrx_word' id='word_1_180' title='bbox 548 3874 721 3931; x_wconf 82' lang='lat' dir='ltr'><strong>abdicationis</strong></span> <span class='ocrx_word' id='word_1_181' title='bbox 752 3873 901 3926; x_wconf 86' lang='lat' dir='ltr'><strong>inurentem</strong></span> <span class='ocrx_word' id='word_1_182' title='bbox 945 3886 996 3927; x_wconf 85' lang='lat' dir='ltr'><strong>tus.</strong></span> <span class='ocrx_word' id='word_1_183' title='bbox 1011 3875 1096 3928; x_wconf 74' lang='lat' dir='ltr'><strong>Aliter</strong></span> <span class='ocrx_word' id='word_1_184' title='bbox 1111 3876 1181 3929; x_wconf 86' lang='lat' dir='ltr'><strong>Plut.</strong></span> <span class='ocrx_word' id='word_1_185' title='bbox 1201 3877 1229 3930; x_wconf 89' lang='lat' dir='ltr'><strong>in</strong></span> <span class='ocrx_word' id='word_1_186' title='bbox 1245 3877 1372 3932; x_wconf 84' lang='lat' dir='ltr'><strong>Themist.</strong></span> 
     </span>
     <span class='ocr_line' id='line_1_28' title="bbox 394 3951 1452 4026; baseline -0.006 -10"><span class='ocrx_word' id='word_1_187' title='bbox 394 3975 485 4016; x_wconf 82' lang='lat' dir='ltr'><strong>notam</strong></span> <span class='ocrx_word' id='word_1_188' title='bbox 497 3999 505 4025; x_wconf 85' lang='lat'><strong>‚</strong></span> <span class='ocrx_word' id='word_1_189' title='bbox 519 3959 573 4013; x_wconf 82' lang='lat' dir='ltr'><strong>sire</strong></span> <span class='ocrx_word' id='word_1_190' title='bbox 589 3969 698 4010; x_wconf 83' lang='lat' dir='ltr'><strong>matrem</strong></span> <span class='ocrx_word' id='word_1_191' title='bbox 712 3951 853 4026; x_wconf 87' lang='lat' dir='ltr'><strong>suspendio</strong></span> <span class='ocrx_word' id='word_1_192' title='bbox 869 3951 901 4004; x_wconf 79' lang='lat' dir='ltr'><strong>fl·</strong></span> <span class='ocrx_word' id='word_1_193' title='bbox 986 3953 1012 4008; x_wconf 86' lang='grc'><strong>3.</strong></span> <span class='ocrx_word' id='word_1_194' title='bbox 1035 3956 1250 4009; x_wconf 76' lang='lat' dir='ltr'><strong>Halicomossiam.</strong></span> <span class='ocrx_word' id='word_1_195' title='bbox 1271 3957 1311 4010; x_wconf 84' lang='lat' dir='ltr'><strong>Ex</strong></span> <span class='ocrx_word' id='word_1_196' title='bbox 1332 3957 1452 4011; x_wconf 79' lang='lat' dir='ltr'><strong>Halicar-</strong></span> 
     </span>
     <span class='ocr_line' id='line_1_29' title="bbox 394 4029 1454 4110; baseline -0.004 -15"><span class='ocrx_word' id='word_1_197' title='bbox 394 4043 454 4095; x_wconf 89' lang='lat' dir='ltr'><strong>nire</strong></span> <span class='ocrx_word' id='word_1_198' title='bbox 468 4041 547 4094; x_wconf 80' lang='lat' dir='ltr'><strong>vitam</strong></span> <span class='ocrx_word' id='word_1_199' title='bbox 563 4049 674 4110; x_wconf 82' lang='lat' dir='ltr'><strong>propter</strong></span> <span class='ocrx_word' id='word_1_200' title='bbox 690 4033 738 4092; x_wconf 75' lang='lat' dir='ltr'><strong>lilii</strong></span> <span class='ocrx_word' id='word_1_201' title='bbox 757 4029 902 4106; x_wconf 74' lang='lat' dir='ltr'><strong>usrpitudi·</strong></span> <span class='ocrx_word' id='word_1_202' title='bbox 945 4051 1034 4102; x_wconf 80' lang='lat' dir='ltr'><strong>nasso,</strong></span> <span class='ocrx_word' id='word_1_203' title='bbox 1050 4034 1133 4088; x_wconf 79' lang='lat' dir='ltr'><strong>Cerie</strong></span> <span class='ocrx_word' id='word_1_204' title='bbox 1146 4035 1238 4107; x_wconf 82' lang='lat' dir='ltr'><strong>eapite.</strong></span> <span class='ocrx_word' id='word_1_205' title='bbox 1261 4035 1332 4089; x_wconf 85' lang='lat' dir='ltr'><strong>Ilino</strong></span> <span class='ocrx_word' id='word_1_206' title='bbox 1348 4057 1362 4091; x_wconf 81' lang='lat' dir='ltr'><strong>a</strong></span> <span class='ocrx_word' id='word_1_207' title='bbox 1384 4038 1454 4092; x_wconf 79' lang='lat' dir='ltr'><strong>Plnt.</strong></span> 
     </span>
     <span class='ocr_line' id='line_1_30' title="bbox 395 4113 1454 4189; baseline -0.007 -15"><span class='ocrx_word' id='word_1_208' title='bbox 395 4131 676 4189; x_wconf 69' lang='lat' dir='ltr'><strong>nemooaetamquum</strong></span> <span class='ocrx_word' id='word_1_209' title='bbox 684 4113 804 4170; x_wconf 87' lang='lat' dir='ltr'><strong>omnium</strong></span> <span class='ocrx_word' id='word_1_210' title='bbox 812 4123 902 4186; x_wconf 83' lang='lat' dir='ltr'><strong>postea</strong></span> <span class='ocrx_word' id='word_1_211' title='bbox 946 4115 1011 4166; x_wconf 72' lang='grc' dir='ltr'><strong>νόθον</strong></span> <span class='ocrx_word' id='word_1_212' title='bbox 1033 4117 1091 4185; x_wconf 72' lang='grc' dir='ltr'><strong>πρὸς</strong></span> <span class='ocrx_word' id='word_1_213' title='bbox 1116 4117 1341 4184; x_wconf 62' lang='lat' dir='ltr'><strong>perstruuntur.</strong></span> <span class='ocrx_word' id='word_1_214' title='bbox 1358 4117 1454 4172; x_wconf 73' lang='grc' dir='ltr'>Γνήσιοι</span> 
     </span>
    </p>
   </div>
   <div class='ocr_carea' id='block_1_10' title="bbox 0 0 1628 5130">
    <p class='ocr_par' dir='ltr' id='par_1_10' title="bbox 0 0 1628 5130">
     <span class='ocr_line' id='line_1_31' title="bbox 0 0 1628 5130; baseline 0 0"><span class='ocrx_word' id='word_1_215' title='bbox 0 0 1628 5130; x_wconf 95' lang='lat' dir='ltr'><strong> </strong></span> 
     </span>
    </p>
   </div>
  </div>
 </body>
</html>
