3246 5134
380 454 430 550 98
647 449 917 520 connum
951 449 1186 520 NEPOTIS

378 597 516 668 fratrem
536 615 708 688 superasse
717 589 737 659 ¹.
751 592 859 686 Hujus
873 591 1051 662 accusandi
1063 593 1169 686 gratia
1182 595 1303 664 Conon
1315 619 1335 664 a
1348 595 1453 665 Phar·

378 703 506 772 nabazo
529 699 571 768 ad
591 723 704 793 regem
723 701 861 784 missus,
875 712 1091 793 posteaquam
1109 701 1220 788 venit,
1232 703 1397 795 primum,
1413 727 1454 772 ex

378 833 474 880 more
495 811 687 893 Persarum,
705 805 748 874 ad
763 803 980 874 chiliarchum
993 801 1016 894 ²,
1027 807 1085 897 qui
1107 808 1290 878 secundum
1312 808 1454 904 gradum

377 917 508 1012 imperii
525 913 678 998 tenebat,
694 911 909 981 Tithrausten
922 913 1076 1000 accessit,
1091 937 1191 1008 seque
1210 915 1356 985 ostendit
1375 939 1453 986 cum

377 1047 455 1117 rege
471 1020 614 1115 colloqui
632 1016 724 1087 velle.
745 1019 854 1088 Nemo
872 1019 960 1088 euim
977 1019 1048 1088 sine
1068 1019 1134 1090 hoc
1148 1017 1344 1090 admittitur.
1364 1025 1453 1094 Huic

377 1129 432 1202 ille
450 1130 577 1223 inquit:
596 1123 728 1196 «Nulla
749 1149 844 1194 mora
863 1139 933 1212 est,
949 1123 1008 1195 sed
1024 1140 1060 1194 tu
1075 1125 1240 1214 delibera,
1252 1143 1365 1197 utrum
1382 1129 1450 1200 ool·

378 1235 468 1331 loqui
490 1233 604 1315 malis,
623 1257 666 1300 an
688 1257 749 1328 per
770 1230 895 1302 litteras
917 1255 1033 1326 agere,
1053 1257 1127 1328 quae
1148 1235 1287 1330 cogitas.
1306 1238 1452 1308 Necesse

317 1387 345 1410 ·.
376 1357 427 1412 est
449 1343 555 1427 enim,
575 1342 601 1409 si
622 1341 657 1408 in
679 1354 896 1434 conspectum
916 1340 1068 1426 veneris,
1091 1342 1243 1410 venerari
1269 1355 1302 1412 te
1324 1365 1448 1438 regem.

377 1441 503 1538 (Quod
523 1431 717 1540 npomuvetr³
733 1444 777 1513 illi
795 1439 951 1535 vocant.)
968 1450 1042 1515 Hoc
1063 1447 1088 1514 si
1110 1447 1170 1516 tihi
1189 1471 1292 1542 grave
1305 1463 1370 1536 est,
1390 1474 1452 1546 per

378 1581 431 1625 me
449 1553 553 1623 nihilo
572 1553 678 1622 secius
698 1553 794 1621 editis
812 1551 976 1622 mandatis
992 1551 1168 1642 conficies,
1184 1553 1275 1648 quod
1295 1556 1447 1626 studes.»

375 1665 461 1732 Tum
478 1664 598 1730 Conon
615 1684 622 1726 :
638 1689 655 1724 a
666 1660 867 1747 Enimvero,
884 1659 1008 1753 inquit,
1023 1683 1091 1730 non
1111 1675 1161 1730 est
1179 1683 1281 1755 grave
1299 1665 1452 1756 quemvis

377 1770 540 1838 honorem
555 1765 678 1835 habere
696 1767 785 1860 regi3
801 1764 859 1834 sed
877 1789 1014 1853 vereor,
1032 1789 1075 1836 ne
1086 1768 1211 1836 civitati
1228 1791 1311 1837 mere
1330 1770 1372 1838 sit
1384 1795 1450 1865 op·

377 1861 543 1970 prohrio⁴,
557 1874 601 1958 si,
615 1897 718 1967 quum
740 1897 781 1941 ex
794 1895 834 1942 eu
850 1874 913 1942 siin
935 1872 1120 1968 profectus,
1138 1895 1212 1968 que
1233 1875 1351 1944 ceteris
1369 1901 1450 1971 gen·

376 1983 464 2052 tibus
492 1983 657 2074 imperare
685 1981 918 2070 consueverit,
941 1983 1053 2076 potius
1079 1979 1324 2070 barbarorum,
1349 2006 1450 2078 quam

416 2198 482 2251 Cir.
494 2197 547 2249 111.
563 2213 587 2248 ι.
602 2193 692 2267 Cym
701 2194 807 2262 fratrem
822 2213 890 2266 supe·
933 2193 995 2248 eolis
1007 2205 1034 2248 et
1053 2195 1124 2249 lune
1144 2195 1238 2250 iratres
1251 2197 1405 2267 jaculant,
1421 2213 1451 2254 et

376 2299 447 2330 insse.
471 2278 505 2330 ln
527 2274 574 2329 illo
592 2275 680 2342 bello,
701 2274 890 2347 Xenophontis
933 2287 963 2328 ut
976 2275 1047 2328 Deos
1059 2293 1087 2328 ee
1099 2274 1206 2329 adorari
1219 2277 1343 2330 volebant
1359 2297 1449 2350 apro-

376 2376 469 2430 opere,
482 2351 718 2424 notissimo,quod
730 2355 889 2426 contrrCy·
932 2354 974 2406 uis
999 2366 1025 2408 et
1047 2367 1146 2408 terram
1168 2357 1257 2409 fronte
1281 2357 1447 2414 ferientibus.

375 2457 436 2491 rum
457 2438 565 2491 fratrem
583 2439 739 2488 Artaxerxes
757 2431 791 2487 de
806 2452 889 2506 regno
933 2432 1004 2487 Vide
1020 2435 1144 2489 Curtium
1156 2437 1225 2502 ,vl‚
1243 2437 1385 2504 imvm,
1402 2458 1448 2510 17,

376 2516 464 2592 gestit.
473 2513 553 2570 Diod.
565 2527 653 2569 eutem
664 2532 743 2581 unus,
752 2513 799 2567 lib.
812 2513 890 2580 xlv,
933 2528 972 2580 et,
988 2515 1017 2568 in
1031 2514 1139 2586 primis,
1154 2516 1238 2582 vm,
1252 2535 1297 2572 so.

376 2615 433 2670 cap.
451 2601 486 2652 26
496 2635 505 2662 ,
516 2595 700 2667 Tissaphernis
714 2595 741 2648 iu
756 2595 808 2648 hoc
818 2593 889 2648 bello
975 2601 1002 2658 d.
1018 2593 1070 2648 Sed
1079 2615 1175 2658 uereor,
1192 2615 1222 2648 rte
1236 2599 1329 2648 ciuitati
1343 2617 1402 2650 Μ
1415 2603 1450 2650 sit

376 2696 501 2751 operam,
521 2676 681 2748 premiaque
705 2671 805 2728 idcireo
827 2674 852 2726 ei
874 2692 889 2728 ι
933 2673 1073 2746 opprobrio,
1097 2687 1148 2728 etc.
1173 2675 1274 2730 Grecis
1301 2677 1372 2730 enim
1402 2693 1449 2732 aut

377 2777 438 2830 rege
454 2758 553 2810 tributa
565 2756 656 2810 refert.
670 2754 746 2807 Nihil
759 2751 890 2808 haedere
933 2753 1153 2821 Atheniensibus,
1164 2755 1250 2812 libero
1262 2757 1381 2828 populo,
1392 2769 1449 2812 tur·

378 2837 544 2909 Xenophon,
558 2853 646 2908 neque
658 2834 824 2888 Plutarchus.
933 2834 975 2906 pis
984 2846 1012 2887 et
1022 2833 1133 2907 indigna
1143 2835 1299 2907 hujusmodi
1311 2839 1447 2892 veneratio

420 2937 445 2971 n.
458 2916 630 2972 Chr'lr'archrnu.
641 2916 769 2986 Χιλὶαρχος
782 2913 890 2984 vulgos
932 2912 1081 2968 ridebatur.
1096 2911 1162 2968 Ideo
1181 2941 1193 2964 ι
1207 2916 1380 2972 Athenienses
1398 2918 1448 2972 Ti·

378 2999 478 3052 Groecis
490 2995 603 3061 dicitur,
613 2995 661 3066 qui
670 2995 743 3048 mille
751 2994 816 3047 viris
824 3013 891 3065 pro·
933 3011 1067 3066 magoram
1075 3033 1083 3062 ,
1092 2995 1162 3050 inter
1177 2993 1297 3050 officium
1309 2997 1447 3051 salutatio·

378 3079 495 3152 ponitur.
507 3075 767 3130 Chilierchuseutem
777 3071 890 3146 gradum
933 3073 976 3128 nis
991 3075 1102 3128 Darium
1118 3093 1208 3147 regem
1223 3095 1298 3130 more
1312 3077 1398 3148 gentis
1413 3078 1447 3130 il·

378 3155 527 3212 secundum
549 3151 620 3226 apud
638 3154 729 3208 Persas
743 3173 758 3207 u
772 3171 834 3226 rege
850 3167 889 3208 te·
933 3154 985 3206 lius
1011 3152 1166 3222 adulatum,
1184 3156 1290 3227 capitali
1313 3157 1447 3228 supplicio

378 3239 473 3302 nebat,
488 3235 621 3306 totiusque
633 3235 711 3305 regite
726 3235 891 3287 curationem
933 3234 1079 3288 affecerunt
1093 3253 1100 3288 :
1113 3235 1193 3290 unius
1213 3236 1278 3288 ciris
1299 3235 1447 3291 humilibus

379 3317 508 3382 habebat,
521 3311 748 3387 quemadmodum
761 3311 892 3386 apudllo·
934 3312 1086 3380 blanditiis,
1102 3316 1183 3369 totius
1205 3316 1279 3369 urbis
1293 3334 1346 3370 sure
1366 3315 1448 3370 decus

380 3414 472 3450 manos
489 3395 619 3467 proeseetro
633 3398 761 3464 pretorio,
777 3407 803 3446 et
818 3392 890 3466 apud
934 3393 1046 3447 Persicte
1080 3393 1258 3448 dominationi
1287 3397 1447 3450 submissum

380 3477 495 3530 Francos
506 3475 571 3528 olim
582 3473 605 3526 le
615 3477 688 3525 main
699 3473 733 3526 du
740 3473 832 3545 paleis,
843 3491 890 3526 cu·
933 3474 1049 3544 graviter
1062 3474 1183 3530 serentes.
1201 3501 1212 3522 ι
1229 3475 1319 3530 Valer.
1336 3477 1447 3531 Maxim.

377 3561 421 3631 jus
443 3555 500 3608 sine
523 3554 601 3606 venia
620 3554 722 3608 nemini
744 3552 778 3607 ed
802 3571 891 3625 regem
936 3554 990 3620 VI,
1006 3554 1039 3620 3,
1053 3567 1105 3608 ext.
1120 3574 1146 3608 s.
1161 3555 1274 3621 Qualem
1294 3569 1381 3610 autem
1402 3557 1448 3611 hic

379 3637 486 3712 patebat
499 3632 891 3688 editus.-Teuebat.Venuste
935 3633 1026 3687 sucum
1039 3634 1179 3688 Persarum
1194 3636 1278 3688 oculis
1295 3637 1387 3689 lecerit
1406 3637 1447 3692 ls-

379 3719 464 3790 liguru
479 3714 589 3769 dictum.
599 3714 642 3768 Sic
652 3713 728 3766 latini
739 3725 888 3784 epte,non,
935 3713 1050 3780 menies,
1066 3713 1256 3768 Thebanorum
1273 3714 1306 3768 ed
1322 3718 1448 3770 Artaxer·

378 3811 409 3852 ut
418 3815 484 3864 nos,
495 3794 814 3848 haledon—Tithrausten.
822 3793 889 3858 Qui,
935 3813 996 3846 xem
1005 3794 1121 3865 legatur,
1134 3795 1163 3848 in
1173 3795 1272 3847 annulo
1280 3793 1448 3849 demittendo

380 3877 449 3948 regis
458 3873 891 3948 jussu‚‘l'issapherniscaputabs-
936 3892 967 3926 ex
975 3871 1119 3940 industrie,
1128 3887 1154 3927 et
1163 3873 1259 3928 iterum
1269 3874 1449 3943 sustollendo,

380 3957 454 4012 cidit.
471 3955 595 4028 Xenoph.
612 3955 640 4007 in
655 3953 785 4024 Agesilao.
936 3972 990 4026 quo
1015 3955 1135 4026 corporis
1151 3967 1226 4026 gestu
1250 3956 1449 4010 venerationem

423 4037 448 4090 3.
469 4039 626 4108 Προσιωνιῖν.
643 4033 756 4106 Proprie
777 4030 812 4086 de
833 4031 891 4086 Diis
934 4035 1063 4088 mentitus
1077 4047 1129 4100 est,
1149 4035 1286 4104 AElianus,
1298 4036 1363 4089 Ver.
1378 4036 1449 4090 Hiar.

381 4113 489 4171 dicitnr.
503 4116 643 4172 Persarum
670 4114 743 4168 enim
765 4131 840 4184 reges
862 4130 891 4166 se
935 4114 963 4179 l,
981 4133 1033 4180 ar,
1048 4117 1140 4184 etjam
1157 4114 1203 4166 alii
1217 4127 1352 4170 notarunt.
1367 4115 1428 4170 Bos.
