3200 5130
374 511 424 596 aa
640 507 911 578 CORNELII
942 507 1175 576 NEPOTIS

374 667 478 738 quum
488 639 523 710 id
534 664 570 712 se
582 640 909 712 Lacedaemoniorurn
923 664 1022 710 causa
1034 639 1143 711 facere
1157 637 1335 711 simularet.
1345 643 1444 714 ttam

374 774 439 844 que
454 746 616 844 undique,
627 748 684 842 qui
696 747 947 820 Atheniensium
960 747 1060 818 rebus
1073 732 1303 838 studuisseut⁶,
1315 749 1444 843 ejemis,

375 855 491 926 docem
512 853 678 950 delegerat
695 855 728 924 in
747 878 944 950 unaquaque
966 853 1120 943 civitate,
1137 853 1257 948 quibus
1277 879 1445 926 summurn

375 962 570 1058 imperium,
594 975 858 1056 potestatemque
887 961 1037 1030 omnium
1070 985 1183 1030 rerum
1212 963 1445 1032 committeret.

375 1071 506 1138 Horum
532 1069 567 1136 in
594 1066 790 1138 numerum⁷
812 1091 911 1137 nemo
940 1065 1195 1158 admittebatur,
1215 1068 1278 1138 nisi
1302 1069 1359 1162 qui
1387 1083 1447 1142 aut

376 1173 447 1268 ejus
471 1173 617 1270 bospitio
649 1175 895 1263 contineretur,
919 1187 978 1244 aut
999 1197 1035 1244 se
1063 1171 1150 1244 illius
1174 1173 1247 1244 fore
1272 1176 1447 1270 proprium

374 1280 441 1352 fide
461 1279 685 1350 confirmaret.

428 1389 472 1456 II.
489 1389 541 1456 Ita
555 1383 765 1456 decemvirali
778 1399 940 1481 potestate
958 1385 993 1454 in
1006 1385 1160 1458 omnibus
1174 1385 1313 1456 urbibus
1329 1387 1448 1456 consti·

375 1505 468 1580 tuta,
485 1493 586 1587 ipsius
604 1505 687 1562 nutu
704 1493 816 1562 omnia
834 1491 1042 1588 gerebantur.
1063 1491 1168 1588 Cujus
1189 1491 1232 1563 de
1252 1491 1449 1564 crudelitate

376 1623 416 1669 ac
433 1595 589 1693 perfidia¹
610 1598 688 1669 satis
702 1613 866 1668 estunam
882 1598 1123 1694 rem,exempli
1142 1599 1447 1694 grstia‚prnlerre,

376 1729 437 1793 ne,
463 1704 505 1774 de
525 1703 642 1774 eodem
662 1703 759 1800 plura
784 1705 1034 1793 enumerando,
1055 1704 1273 1800 defatigemus
1296 1704 1447 1776 lectores.

377 1812 496 1881 Victor
508 1833 549 1880 ex
561 1811 640 1882 Asia
650 1835 753 1907 quum
764 1825 1001 1900 reverteretur,
1009 1811 1220 1906 Thasumque
1234 1811 1448 1898 devertisset;

378 1916 468 2012 quod
492 1941 531 1986 ea
554 1919 670 1988 civitas
690 1920 857 2014 praecipua
882 1917 948 1988 fide
972 1917 1081 1988 suerat
1105 1943 1185 2014 erga
1206 1919 1451 2009 Athenienses,

378 2022 517 2119 proinde
540 2047 580 2096 ac
606 2025 634 2094 si
657 2023 756 2094 iidem
782 2023 959 2095 finnissirni
985 2023 1129 2095 solerent
1152 2049 1223 2094 esse
1249 2026 1365 2112 amici,
1391 2027 1451 2119 qui

378 2143 566 2200 constantes
589 2129 726 2202 luissent
746 2129 906 2220 inimici',
931 2155 1005 2201 earn
1031 2145 1221 2228 pervertere
1244 2131 1448 2226 concupivit

379 2236 475 2307 Vidit
493 2251 605 2308 autem
615 2290 626 2326 ,
638 2238 701 2307 nisi
719 2238 753 2308 in
774 2263 815 2308 eo
831 2235 1029 2308 occultasset
1045 2237 1267 2328 voluntatem,
1280 2237 1452 2324 futurum,

380 2419 546 2490 exploratum
569 2418 619 2472 tibi
641 2419 693 2486 sit,
716 2437 793 2492 posse
818 2419 890 2473 illius
933 2419 1060 2474 Forstner
1075 2417 1109 2472 ad
1125 2419 1212 2474 Taciti
1225 2421 1296 2473 Ana.
1312 2419 1383 2486 XII,
1403 2419 1450 2474 Sa.

380 2497 455 2569 regni
466 2497 570 2569 potiri,
589 2523 600 2546 ι
622 2509 650 2551 et
663 2499 769 2571 passion
784 2499 889 2554 Sallust.
934 2499 1060 2554 Fanum.

381 2577 617 2650 sufflammat
623 2579 681 2651 ejus
687 2577 781 2652 oppidi
790 2579 891 2654 potitos
975 2599 1003 2650 7.
1021 2581 1052 2633 In
1068 2595 1204 2642 narremur,
1216 2590 1248 2632 ut
1265 2591 1367 2632 veteres
1386 2595 1452 2632 noa·

381 2657 459 2712 foret.
472 2658 893 2729 --thdataoedmsa
934 2658 969 2712 tn'
982 2659 1049 2730 regii
1066 2657 1241 2732 manuscripti
1254 2657 1341 2724 58²6,
1359 2659 1448 2721 6143.

382 2757 435 2790 rana
450 2757 523 2792 caera
532 2739 617 2807 smera
630 2739 760 2794 sdaulant.
781 2741 822 2793 Ita
837 2740 893 2792 lere
935 2739 1017 2810 Vulgi
1032 2743 1058 2792 la
1073 2757 1177 2791 mmm·
1198 2769 1239 2782 -
1254 2737 1369 2809 Hospitrb
1389 2755 1449 2789 cors·

383 2816 455 2889 apud
465 2817 526 2874 Sall.
537 2819 594 2873 Cat
605 2819 771 2874 XXXVIII:
783 2845 795 2867 ι
803 2817 893 2873 senati
936 2821 1058 2872 stauretur.
1074 2819 1215 2891 Eleganter
1230 2829 1257 2872 et
1276 2830 1337 2889 apte
1350 2815 1385 2870 ad
1397 2835 1449 2869 no-

383 2898 486 2970 qsecie,
501 2917 552 2970 pro
563 2917 613 2952 sna
626 2897 841 2970 magnitudine·
858 2897 893 2951 Et
935 2897 1043 2952 tendam
1076 2898 1186 2970 hospitii
1222 2896 1448 2970 conjunctionem.

382 2977 893 3050 postruBonmpublicumsimulantes,
935 2979 1086 3032 Taaoeucr.
1101 2977 1134 3031 Id
1150 2991 1204 3044 est,
1215 2989 1283 3032 esset
1295 2977 1366 3030 inter
1382 2993 1449 3042 eos,

383 3057 892 3130 pmsnaqniaqoepotentiacfftabant·
935 3058 982 3130 qni
998 3057 1096 3111 laedere
1107 3059 1217 3130 hospitii
1233 3075 1294 3112 cunr
1309 3054 1449 3132 Lysandro

425 3139 452 3190 6.
475 3137 527 3206 Qui
541 3137 633 3191 Artes.
649 3135 718 3190 κόνι
732 3137 889 3202 taeduisset,
936 3139 1073 3210 conjuncti
1095 3150 1178 3192 aaut
1199 3169 1240 3182 -
1257 3137 1290 3191 Se
1311 3135 1378 3189 illiba
1391 3137 1451 3204 sote

384 3225 435 3268 etc.
445 3214 547 3268 Omnes
555 3235 582 3269 se
590 3216 675 3286 Argos
683 3217 821 3272 et'l'hebss
828 3235 893 3271 con·
932 3215 1275 3290 pmpriamfidecrnfimarst.
1286 3217 1382 3270 Sensus
1391 3227 1431 3270 eat
1442 3233 1450 3270 τ

386 3293 478 3346 tulere.
493 3293 564 3348 Vide
575 3294 674 3350 lustin.
687 3297 731 3364 V,
747 3317 772 3366 9.
786 3327 827 3340 -—
840 3297 893 3350 De-
936 3299 983 3370 qui
992 3297 1161 3352 confirmaret
1170 3295 1359 3371 jurejurando,
1371 3295 1450 3350 sefo-

358 3393 434 3460 prem
444 3373 818 3448 &acemanecestriae
935 3397 966 3430 re
980 3379 1090 3430 omnmo
1105 3377 1244 3450 Lysandro
1259 3376 1414 3430 obnoxium.

385 3453 498 3520 recen,
513 3451 605 3508 desem
623 3473 687 3509 vero
707 3455 801 3510 Pir-mo.
845 3458 893 3510 lut.
977 3458 1044 3510 Car.
1061 3457 1097 3510 II.
1118 3475 1143 3510 r.
1165 3458 1241 3530 Cujus
1258 3457 1289 3508 de
1309 3455 1450 3508 mattae

384 3531 471 3600 ibid.;
487 3533 554 3587 Plat.
570 3534 654 3606 Epist.
671 3535 735 3590 VII.
753 3535 788 3588 III
803 3549 895 3609 postea
937 3535 1086 3608 ceper-fidia.
1098 3537 1161 3590 IIsrc
1173 3549 1235 3592 sunt
1246 3535 1317 3589 illius
1329 3532 1450 3606 perlidiss

384 3613 494 3686 triginta
510 3614 563 3668 viri
579 3615 675 3669 urbem
697 3615 825 3670 servitute
845 3635 895 3689 op·
945 3629 1121 3689 argumenta,
1136 3617 1211 3689 quod
1234 3615 1324 3669 dicere
1341 3614 1453 3680 solebat,

384 3707 553 3765 pressum,
571 3707 599 3748 et
615 3693 650 3748 sd
664 3693 833 3767 tyrannidem
850 3715 894 3750 ua·
936 3697 984 3751 ubi
1000 3697 1107 3751 leonina
1131 3698 1206 3768 pellis
1224 3715 1278 3751 non
1293 3695 1452 3764 woborne,

384 3776 598 3846 qnesarrierunt.
609 3775 728 3830 horos.
751 3807 779 3820 -
802 3775 896 3845 Quibus
937 3777 1073 3850 vulpinam
1086 3795 1141 3830 esse
1155 3774 1356 3840 assumendam
1371 3775 1451 3838 item,

385 3871 499 3908 satam
509 3859 642 3927 imperium,
650 3867 836 3929 potestatemque
844 3875 896 3909 cra·
938 3855 1146 3930 puerosftaxillis,
1153 3857 1370 3910 bominesautem
1377 3856 1449 3924 jure-

386 3937 451 3986 πίω
474 3955 551 3988 rerum
575 3940 736 3990 meminent.
762 3941 896 3990 Arcanum
936 3937 1054 4009 jurando
1069 3936 1204 3992 fallendos.
1216 3935 1288 3989 Vide
1303 3933 1449 3997 Plutarch..

385 4010 589 4083 dominationis,
606 4035 661 4089 qno
678 4015 793 4090 populos
807 4017 897 4070 cirita·
939 4037 955 4071 a
969 4037 1023 4090 qno
1038 4037 1099 4072 cunr
1115 4017 1187 4089 Sylla
1202 4018 1347 4070 confertur.

386 4102 477 4163 tuque
500 4114 588 4168 nuper
609 4098 728 4150 subactas
756 4097 784 4150 in
806 4097 896 4151 officio
982 4119 1007 4152 a.
1023 4099 1074 4168 Qui
1086 4107 1221 4154 constater
1230 4098 1337 4164 fialam
1350 4095 1448 4144 inimici.

387 4173 525 4232 mutium
544 4174 653 4232 student
679 4177 802 4234 vittores.
825 4175 897 4234 Vide
938 4179 1024 4234 Porro
1040 4177 1184 4250 iateIIIgere
1203 4175 1266 4233 Iioet
1280 4193 1313 4232 ex
1325 4168 1450 4244 Tburyd.
