3200 5130
469 433 902 504 THEMISTOCLES.
1143 439 1186 511 31

119 581 309 662 expectare
324 564 439 653 Quum
459 565 700 636 lacedaemonii
721 581 957 660 quererentur,
974 591 1058 664 opus
1079 571 1192 642 nihilo

122 677 239 744 minus
250 671 322 742 fieri
329 725 341 758 ,
360 694 502 765 eumque
515 673 550 740 in
562 696 601 740 ea
613 696 650 740 re
662 674 776 742 conari
790 669 920 760 fallere,
934 674 1063 744 interim
1077 675 1191 772 reliqui
1247 708 1251 716 ·

121 777 227 875 legati
237 793 313 848 sunt
323 779 502 847 consecuti.
516 778 673 873 A-quibus
684 801 786 872 quum
796 778 956 866 audisset,
968 805 1036 849 non
1050 781 1193 856 multum

123 909 298 980 superesse
321 882 545 971 munitionis²,
563 884 604 952 ed
626 885 769 978 ephoros
791 884 1117 957 Lacedaemoniorum
1134 915 1192 962 ae·

123 994 244 1078 cessit,
261 1014 360 1085 penes
387 1015 471 1083 quos
495 1015 660 1060 summum
686 992 859 1085 imperium
881 1006 972 1060 erat:
988 1007 1086 1088 atque
1104 999 1193 1090 apud

124 1123 188 1168 eos
197 1095 382 1182 contendit,
391 1095 472 1165 falsa
481 1096 532 1166 his
545 1121 616 1166 esse
628 1094 754 1186 delata,
766 1120 867 1190 quare
881 1121 1011 1191 equum
1022 1125 1106 1189 esse,
1120 1100 1193 1171 illos

125 1207 218 1272 viros
238 1203 344 1272 bonos
365 1201 557 1296 nobilesque
578 1204 732 1289 mittere,
752 1203 872 1296 quihus
892 1202 974 1274 fides
995 1205 1194 1297 haberetur,

125 1312 184 1404 qui
203 1333 274 1378 rem
295 1307 528 1404 explorarent3
546 1309 671 1380 interea
688 1333 723 1378 se
741 1308 890 1378 obsidem
906 1311 1093 1380 retinerent.
1110 1316 1193 1382 Ges·

128 1431 181 1486 tus
198 1432 248 1484 est
264 1417 294 1484 ei
308 1399 414 1502 mos³,
432 1428 563 1508 tresque
577 1413 691 1509 legati,
713 1413 817 1484 functi
839 1418 975 1486 summis
993 1417 1194 1508 honoribus,

128 1523 278 1592 Athenas
301 1523 389 1590 missi
410 1535 495 1590 sunt.
516 1523 602 1590 Cum
624 1521 676 1590 his
699 1520 842 1615 collegas
862 1547 939 1592 suos
957 1523 1194 1596 Themistocles

126 1630 224 1723 jussit
237 1627 419 1723 proficisci;
438 1629 547 1721 eisque
568 1613 748 1720 praedixit⁴‚
763 1641 802 1696 ut
814 1652 855 1696 ne
873 1631 963 1722 prius
980 1629 1194 1702 Lacedaemo-

130 1737 263 1804 niorum
274 1731 399 1827 legatos
410 1733 629 1820 dimitterent,
648 1757 747 1827 quam
763 1735 832 1827 ipse
846 1749 931 1802 esset
943 1737 1105 1805 remissus.
1126 1742 1196 1808 Hos

130 1855 308 1935 postquam
328 1839 474 1908 Athenas
504 1839 691 1932 pervenisse
712 1851 802 1908 ratus
826 1853 890 1924 est,
909 1839 951 1908 ad
969 1845 1197 1936 magistratum

130 1930 364 2040 senatumque⁵
377 1944 703 2013 Lacedaemoniorum
713 1946 806 2029 adiit,
819 1961 853 2014 et
861 1946 949 2041 apud
961 1971 1017 2015 eos
1031 1946 1197 2020 liberrime

132 2055 302 2148 professus
312 2052 621 2122 est:«hthenienses
629 2077 689 2120 suo
702 2051 856 2137 consilio,
866 2051 956 2147 quod
970 2057 1139 2124 communi
1149 2058 1198 2150 ju·

133 2184 169 2229 re
187 2161 335 2255 gentium
352 2157 460 2227 facere
475 2172 625 2252 possent,
637 2159 727 2229 Deos
740 2157 905 2253 publicos,
919 2183 1060 2253 suosque
1072 2165 1198 2256 patrios

134 2289 173 2336 ac
190 2279 343 2362 penates,
364 2288 430 2360 quo
440 2263 565 2334 facilius
580 2265 622 2332 ab
629 2265 725 2334 hoste
739 2279 874 2359 possent
885 2263 1078 2356 defendere,
1096 2271 1198 2338 muris

135 2375 290 2468 repsisse,
306 2396 476 2466 nequeeo,
491 2369 580 2466 quod
592 2369 706 2441 inutile
715 2386 800 2440 esset
814 2373 965 2462 Graeciae,
976 2372 1108 2464 iecisse,
1120 2401 1198 2444 nam

179 2593 204 2628 a.
225 2573 284 2628 Noa
296 2573 394 2626 melum
403 2591 521 2642 sqremre
533 2574 644 2622 morine-
688 2573 744 2642 ejus
754 2572 911 2624 seutentiam
924 2586 1087 2627 accesserunt
1095 2576 1199 2647 ephori.

138 2659 183 2708 ais.
197 2654 286 2724 Prope
299 2671 369 2717 ecee,
385 2664 416 2704 ut
431 2652 545 2704 munitio
560 2650 646 2703 ubsol-
730 2656 757 2713 4.
768 2650 896 2702 Proedieit.
913 2649 1050 2722 Praecepit.
1067 2653 1199 2720 Frontis,

139 2747 252 2787 veretur.
266 2763 309 2778 ·-·
321 2733 441 2803 Ephorus.
456 2731 580 2801 supremi
591 2748 646 2782 tue·
689 2734 738 2782 suis
759 2730 820 2780 elem
835 2733 944 2800 scripsi83
959 2731 1058 2782 lustin.
1075 2732 1117 2798 11,
1139 2735 1173 2786 15
1191 2753 1198 2787 :

139 2815 261 2886 gistretm
273 2825 349 2866 erem
364 2810 645 2878 Lacedcmoniorum,
694 2835 706 2858 ι
719 2811 772 2862 Per
783 2827 889 2862 serrum
903 2809 1097 2880 magistratibus
1107 2813 1199 2865 scribit

141 2911 251 2947 numero
260 2889 648 2964 quinquellieutechheo·
691 2889 902 2942 Atheniensium.
920 2915 931 2936 ι

140 2991 238 3045 pourpo
261 2971 377 3044 oppositi
396 2970 501 3040 regibus
519 2970 649 3032 fuerunt,
733 2968 1201 3042 &Admgirtrutunrremtmnquehd

143 3063 172 3104 ut
190 3050 260 3124 apud
274 3054 408 3104 nomos
426 3049 577 3104 consulibus
600 3047 649 3102 tri·
692 3049 807 3120 ephoros
821 3061 1024 3120 senatoresque,
1042 3052 1062 3102 ol
1075 3053 1202 3121 γιρόντις,

143 3133 217 3184 huni.
242 3132 281 3184 Ut
305 3131 412 3186 emme
440 3129 593 3182 consulibus
616 3126 649 3180 erl
692 3147 807 3200 quornm
818 3129 903 3182 honos
919 3143 1081 3201 perpetuus,
1094 3130 1201 3184 illorum

145 3211 267 3264 uihunor
291 3227 434 3282 provocem
463 3209 583 3274 licebat,
612 3208 650 3260 cic
690 3219 781 3261 eutem
802 3227 913 3261 annuus.
934 3210 974 3261 lte
988 3208 1062 3282 apud
1079 3209 1201 3264 Lacedc·

146 3309 160 3342 e
184 3289 289 3360 regibus
312 3288 595 3352 Lacedremouiorum,
617 3284 650 3339 etl
694 3290 799 3341 monice
811 3289 908 3360 triplex
921 3287 1137 3343 administrandus
1149 3294 1202 3345 rei·

145 3369 356 3441 ephororum
367 3372 477 3440 iusuper
489 3381 545 3421 eret
557 3385 651 3422 eorum
693 3369 808 3439 publicae
821 3370 995 3422 constitutio:
1010 3389 1072 3422 nem
1088 3369 1143 3424 duc
1160 3391 1201 3424 re-

145 3461 275 3521 poteetac,
287 3463 316 3502 ut
329 3469 402 3521 reges
416 3450 486 3520 ipsos
502 3449 530 3502 iu
544 3446 651 3502 vincula
694 3447 739 3517 ges
750 3465 811 3500 cum
822 3459 883 3500 octo
893 3461 921 3501 et
933 3450 1026 3520 viginti
1039 3452 1202 3504 senatoribus

144 3531 249 3600 publice
261 3531 391 3600 conjicere
402 3526 601 3582 valerentVide
611 3527 652 3578 in·
694 3540 721 3580 et
734 3528 836 3599 popolo
850 3527 963 3580 divisum
978 3530 1111 3584 hebebant
1124 3531 1203 3602 irnpe-

145 3609 180 3664 lrr
192 3613 222 3664 in
232 3609 369 3664 Petuaria.
379 3609 500 3680 Triginta
510 3608 585 3660 annis
594 3618 653 3678 poet
695 3607 775 3660 rium.
790 3639 831 3652 --
846 3609 912 3660 Deos
928 3607 1045 3679 publicos.
1066 3609 1202 3674 Publicos,

146 3689 206 3744 letes
221 3691 340 3760 Lycurgi
352 3689 421 3760 leges
432 3689 542 3742 inerunt
558 3687 654 3740 cousti-
695 3688 714 3739 i.
723 3707 746 3739 e.
760 3689 809 3740 toti
817 3687 1202 3742 &semmurum-1²0·

147 3771 202 3824 tuti.
219 3771 261 3824 De
276 3770 318 3824 hie
334 3769 415 3823 Arist.
433 3769 479 3834 11,
497 3767 554 3821 Pol.
575 3785 598 3820 c.
618 3785 654 3837 7,
698 3771 764 3820 ruht.
775 3769 849 3832 Quor
862 3764 1024 3838 unaqubque
1039 3767 1129 3822 civite
1141 3785 1203 3838 pm-

146 3849 392 3904 ete-Contende.
407 3851 511 3902 Acriter
527 3845 653 3910 uffirmet3
697 3859 809 3900 tectores
825 3847 971 3912 habet3hie
987 3847 1135 3899 Atticorum
1157 3844 1204 3900 dii.

147 3941 205 4000 tpte
217 3927 383 4001 quidem,ttt
392 3927 655 3983 Lacedaemoniorum
699 3955 740 3974 -ι
762 3928 871 3979 Penes.
897 3927 937 3978 lta
961 3923 1025 3978 dicti
1044 3944 1058 3976 e
1078 3925 1206 3980 vocabulo

147 4006 215 4062 dieta
230 4008 374 4064 refelleret.
437 3995 441 4002 ’
698 4003 1208 4079 penitus,qnicinintircacdinmperte

186 4091 212 4144 3.
230 4089 322 4144 Gestae
338 4101 374 4142 ert
388 4093 410 4144 ei
431 4109 489 4142 mor.
505 4086 538 4142 ld
553 4098 607 4154 est,
623 4083 656 4138 td
701 4087 856 4141 celebantur
874 4103 882 4139 ε
903 4085 967 4140 hine
994 4087 1142 4158 penetrales
1162 4107 1208 4140 ro·
