3246 5134
394 533 464 607 156
651 533 916 603 CORNELII
942 531 1173 600 NEPOTIS

389 662 473 730 inest
489 657 628 745 virium,
648 683 748 753 quam
769 641 920 753 ingenii³.
941 658 993 742 Is,
1012 653 1100 750 quod
1123 657 1156 725 in
1182 680 1218 724 ee
1235 653 1367 724 militari
1383 649 1444 726 llo·

390 789 462 834 rere
482 764 742 858 Epaminondam
758 764 908 849 videbat,
923 763 1049 832 hortari
1065 760 1190 831 solebat
1203 761 1396 847 Thebanos,
1408 776 1447 830 ut

390 893 505 965 pacem
526 868 612 938 bello
630 870 847 957 anteferrent,
866 893 907 937 nc
925 867 1010 937 illius
1024 870 1229 962 imperatoris
1247 893 1347 963 opera
1362 867 1446 936 desi·

391 975 570 1044 deraretur.
591 979 677 1045 Huic
699 975 777 1046 ille:
805 1007 822 1040 s
841 974 952 1061 Fallis,
971 976 1096 1068 inquit,
1111 973 1214 1043 verbo
1240 975 1329 1044 cives
1353 987 1446 1060 tuos,

391 1082 479 1176 quod
503 1081 565 1150 hos
589 1106 609 1150 a
633 1082 719 1152 bello
741 1107 875 1165 avocas3
900 1081 957 1152 otii
983 1083 1071 1150 enim
1097 1082 1230 1149 nomine
1255 1081 1447 1150 servimtcrn

392 1175 574 1258 conciliasl.
597 1191 683 1258 Nam
703 1191 830 1284 paritur
851 1173 1042 1282 paxbello⁵.
1056 1188 1173 1280 Itaque
1191 1187 1247 1280 qui
1264 1211 1301 1254 ea
1321 1186 1449 1254 diutina

392 1293 509 1363 volunt
530 1280 623 1381 frui⁶,
637 1294 723 1364 bello
744 1295 913 1364 exercitati
931 1317 1000 1362 esse
1021 1293 1151 1362 debent.
1167 1293 1295 1381 Quare,
1311 1294 1337 1360 si
1350 1291 1449 1384 prin-

288 1449 292 1458 ·
393 1401 481 1494 cipes
495 1401 631 1470 Graecias
648 1427 718 1470 esse
737 1399 853 1488 vultis,
872 1401 985 1469 castris
1006 1414 1056 1468 est
1074 1399 1168 1467 vobis
1186 1398 1362 1482 utendum,
1379 1420 1451 1464 non

393 1503 543 1599 palaestra
564 1535 593 1572 s.
619 1507 712 1576 Idem
742 1505 795 1575 ille
823 1504 1022 1575 Meneclides
1043 1529 1144 1600 quum
1171 1505 1248 1573 huic
1274 1503 1452 1598 objiceret,

394 1611 483 1706 quod
514 1609 633 1680 liberos
661 1638 730 1682 nou
759 1611 919 1698 haberet,
947 1636 1054 1705 neque
1086 1609 1246 1679 uxorem⁷
1274 1609 1451 1691 duxisset3

395 1719 600 1812 maximeque
630 1718 851 1806 insolentiam,
879 1717 968 1813 quod
1001 1717 1060 1786 sibi
1090 1718 1345 1812 Agamemnonis
1375 1713 1450 1783 belli

397 1822 533 1916 gloriam
556 1823 722 1894 videretur
742 1837 954 1911 consecutus’;
967 1838 1002 1892 at
1021 1823 1099 1892 ille:
1127 1853 1145 1888 a
1168 1825 1309 1908 Desine,
1329 1821 1452 1915 inquit,

397 1929 603 2015 Meneclida,
619 1930 660 1999 de
678 1957 780 2000 uxore
792 1932 872 1999 mihi
890 1929 1105 2025 exprobrare3
1118 1954 1195 1998 nam
1209 1927 1330 2014 nullius
1343 1929 1377 1995 in
1391 1928 1454 1996 ista

398 2059 433 2102 re
461 2038 569 2106 minus
598 2038 645 2104 uti
667 2036 803 2106 consilio
828 2037 912 2108 volo.
937 2031 1122 2127 (Habebat
1143 2039 1230 2105 enim
1253 2032 1452 2104 Meneclides

397 2143 616 2234 suspicionem
633 2131 830 2230 adulterii⁸).
849 2143 950 2232 Quod
971 2157 1079 2212 autem
1102 2167 1155 2212 me
1172 2145 1451 2238 Agamemnonem

399 2246 545 2316 aentulari
566 2265 675 2343 putes,
699 2250 838 2320 falleris:
852 2274 993 2343 namque
1006 2248 1060 2318 ille
1071 2274 1148 2319 cum
1160 2251 1315 2317 universa
1325 2247 1453 2318 Grecis

398 2353 453 2420 vix
473 2354 587 2424 decem
606 2359 700 2426 annis
718 2381 816 2430 unam
836 2358 923 2451 cepit
941 2356 1079 2442 urbem3
1105 2381 1167 2451 ego
1182 2369 1298 2424 contra
1315 2379 1369 2442 ea,
1388 2377 1453 2422 una

443 2545 469 2598 3.
484 2547 593 2620 Namque
605 2549 641 2602 illi
650 2555 719 2620 gesti
727 2552 783 2622 plats
795 2554 857 2604 uest
869 2553 908 2603 oi·
949 2549 1052 2604 tmuius
1060 2550 1231 2622 Turpilianus
1240 2547 1311 2620 apud
1325 2550 1457 2614 Tacitum,

403 2629 474 2688 rium,
491 2647 560 2698 quam
573 2632 669 2700 ingenii.
681 2631 724 2683 Ob
737 2649 864 2694 crassum,
877 2642 907 2682 ut
950 2631 1018 2682 Ann.
1037 2631 1112 2694 xlv,
1124 2631 1176 2700 39:
1195 2656 1206 2677 ι
1223 2628 1369 2682 Honestum
1384 2629 1455 2701 pacis

403 2706 511 2770 volunt,
520 2727 614 2761 aerem.
950 2727 1047 2762 nomen
1060 2709 1132 2780 segni
1147 2709 1202 2761 otio
1217 2709 1351 2780 imposuit
1363 2734 1373 2755 ι

443 2791 530 2833 baeotam
542 2797 562 2834 in
573 2809 637 2834 maso
646 2797 721 2848 juntas
730 2811 774 2836 aare
781 2805 854 2835 natum.
993 2789 1018 2840 5.
1035 2789 1100 2840 Nam
1109 2793 1205 2858 paritur
1210 2808 1262 2858 pau
1271 2789 1339 2840 bello.
1351 2790 1390 2841 lt!
1401 2788 1455 2840 fel!

403 2864 495 2918 Horat.
512 2867 587 2938 epist.
604 2868 647 2932 11,
663 2887 692 2935 1,
707 2875 771 2932 nat.
788 2893 799 2915 ι
810 2869 909 2922 Thebis
952 2867 1022 2940 apud
1032 2867 1454 2939 Sallustium,Catil.eap.LV1H:

403 2943 640 3000 bebetesetbrntos
646 2948 836 3001 nascitelatum
842 2961 907 3000 est.-
956 2975 967 2996 ι
979 2949 1078 3013 Nemo,
1094 2948 1144 3002 uisi
1159 2949 1257 3013 victor,
1274 2965 1339 3019 pace
1356 2947 1454 3000 bellum

405 3025 558 3078 Tertullian.
571 3024 606 3078 de
615 3027 786 3098 Anima,cap.
796 3045 841 3080 ao.
850 3029 911 3080 Pin·
952 3027 1071 3081 mutavit.
1084 3055 1095 3076 ι
1109 3028 1162 3094 Qui
1170 3029 1277 3081 fortasse
1286 3029 1372 3080 locum
1384 3027 1457 3079 Tbu·

347 3101 348 3106 ’
405 3101 484 3156 daras
496 3104 567 3176 apud
576 3105 835 3171 Strabon.,lib.V11,
846 3109 911 3160 olim
953 3106 1080 3180 eydid.1,
1093 3095 1459 3179 rst,eapreaaere:ll.sarots'·

403 3201 488 3253 pauor
496 3183 559 3237 inde
567 3183 652 3238 dictos
663 3199 746 3239 notat.
757 3187 856 3242 Confer
865 3205 912 3240 no·
954 3207 1000 3260 peu
1011 3187 1105 3259 μὶνγὰρ
1119 3188 1196 3257 alpius
1206 3191 1295 3259 μᾶλλον
1308 3183 1458 3240 deiciebam.

406 3275 460 3315 tam
476 3264 505 3316 iu
518 3263 645 3318 Alcibiad.
659 3283 715 3337 cap.
728 3267 775 3318 xl.
789 3267 912 3319 Attamen
995 3271 1021 3321 6.
1032 3267 1083 3336 Qui
1093 3288 1122 3319 ea
1134 3267 1228 3320 diutina
1240 3268 1324 3319 voum
1330 3267 1459 3334 fruibile-

405 3341 620 3412 Epaminondas,
648 3344 802 3417 Pelopidas,
830 3347 911 3400 lame·
955 3365 1018 3418 gans
1030 3345 1148 3400 adverbii
1158 3349 1247 3400 aaran
1260 3347 1287 3399 in
1302 3344 1459 3417 adjectivum

408 3422 477 3485 nias,
487 3423 582 3489 Cebes,
592 3423 734 3491 Pindarus,
743 3445 835 3478 omnes
844 3427 914 3481 Tbe-
955 3427 1075 3480 mutatio.

408 3502 488 3567 bani,
507 3504 568 3560 satis
584 3503 712 3574 ingeniosi
728 3508 843 3559 fuerunt.
862 3505 913 3559 llio
984 3503 1022 3577 ’7.
1032 3507 1334 3581 Nequensonmdrm'sset.
1344 3507 1460 3558 Uxorem

409 3597 511 3648 autem,
533 3595 563 3635 nt
584 3585 611 3636 in
633 3585 747 3651 cetea-is,
767 3587 913 3657 plurimum
957 3605 1020 3639 vero
1035 3599 1240 3640 commemorant
1255 3587 1405 3658 Polyaenus,
1419 3585 1461 3648 11,

408 3666 478 3719 valet
491 3663 583 3737 prime
598 3666 679 3718 etatis
694 3666 832 3720 institutio.
960 3667 992 3729 3,
1011 3667 1047 3719 in.
1065 3679 1091 3719 et
1108 3667 1263 3720 Plutarchus
1276 3667 1303 3717 in
1318 3663 1458 3716 Parallelis.

451 3753 476 3808 4.
501 3745 556 3797 Osa·
582 3750 643 3797 anim
668 3751 759 3797 nomiae
782 3751 915 3800 servitutem
957 3777 998 3788 --
1012 3747 1078 3800 Nam
1094 3747 1182 3798 mutus
1195 3752 1220 3799 in
1235 3750 1280 3798 isto
1297 3763 1321 3795 re
1337 3747 1413 3794 mrbus
1425 3748 1461 3795 uti

409 3826 530 3880 concilias.
546 3825 620 3878 Pacis
640 3825 704 3878 salso
723 3828 831 3879 nomine
846 3827 915 3879 cives
958 3827 1055 3878 consilto
1063 3827 1128 3878 nolo.
1143 3826 1210 3878 Nam
1220 3839 1248 3878 tu
1260 3823 1409 3878 isomnium
1418 3839 1462 3887 es,

410 3917 468 3958 tuos
488 3903 663 3958 dominationi
686 3906 777 3960 alienae
799 3907 914 3978 subjicis.
958 3907 1032 3976 eujus
1044 3907 1172 3960 mutantia
1185 3906 1236 3959 hoo
1251 3908 1278 3958 in
1292 3904 1397 3975 negotio
1411 3904 1462 3956 mi·

411 3986 451 4037 lta
464 3985 501 4036 ld.
515 3983 630 4056 lepidus
644 3983 677 4038 ad
687 3987 816 4059 populum
826 3989 854 4040 in
864 3987 917 4039 ssl-
959 4003 1009 4039 nus
1024 3983 1095 4057 apud
1108 4005 1150 4038 sne
1161 3986 1255 4037 valeat.
1371 4011 1380 4038 s

410 4064 739 4136 luatiiFragm.XX1H:·
750 4067 798 4130 Ne,
807 4067 916 4120 nomina
1001 4070 1026 4121 8.
1041 4065 1200 4138 Suspicionem
1216 4064 1421 4117 adulteriib'ela
1438 4081 1465 4114 se

412 4161 500 4197 mrum
510 4145 543 4202 ad
550 4145 680 4218 ignaviam
686 4161 825 4212 mutantes,
832 4147 916 4200 otium
960 4146 1001 4198 rel
1014 4148 1046 4198 ab
1060 4163 1143 4199 uxore
1158 4143 1272 4198 admissi.
1288 4145 1396 4215 Suspicio
1411 4153 1437 4196 et
1450 4160 1464 4193 a

412 4239 462 4292 pro
470 4225 577 4279 servitio
587 4227 726 4298 appellent.
737 4253 748 4274 ι
760 4229 863 4282 Pariter
870 4227 917 4280 Pe·
961 4227 1089 4280 Cicerone
1102 4226 1196 4296 supina
1205 4225 1307 4296 passive
1315 4233 1466 4295 usurpator.
