3282 5156
475 471 944 542 OBSERVATIONES.
1167 473 1241 550 335

176 603 244 676 legis
256 604 326 660 cives
336 619 528 674 ununqusm
539 601 673 654 sdmisisse
686 601 869 673 suspicemur?
883 600 1007 658 Mercede
1018 602 1136 660 conduci
1144 607 1244 674 solent,

177 685 227 756 qui
244 687 269 736 s's
290 700 395 736 scensm
411 693 496 750 eunt,
512 692 542 734 ut
553 693 642 754 partes
656 699 752 752 nempe
771 694 848 752 spent
868 682 898 734 in
918 681 1062 750 comodis,
1079 703 1135 740 non
1149 689 1195 759 qui
1209 691 1244 742 ed

176 774 340 829 seenem‚ut
355 773 483 833 spectent.
498 760 618 814 Muneris
634 778 711 812 crues
729 761 878 832 sumptibus
895 763 1008 833 publicis
1022 764 1051 818 in
1065 765 1123 819 sliis
1133 766 1244 823 Grecis

177 843 292 896 urbibus
310 841 502 896 exhibebantur
525 838 599 906 ludi3
624 838 671 894 sed
689 840 748 910 quis
769 838 891 894 mercede
912 841 1043 896 conducet
1066 863 1124 912 ecs,
1148 847 1245 918 quibus

177 935 300 994 spectsre
318 921 417 992 volupe
434 919 489 974 est?
507 919 632 991 Effugere
652 919 809 990 interpretes
826 920 914 974 ‹ronsti
931 934 993 976 sunt
1013 923 1060 975 bss
1075 926 1245 994 questiones,

178 1000 215 1056 sd
232 1020 297 1073 ques
317 1001 362 1054 vix
384 1011 444 1072 spts
463 999 605 1072 excogitsri
623 1010 709 1070 potest
729 1000 882 1070 responsio,
902 1001 988 1054 tribus
1012 1001 1107 1056 modis.
1123 1005 1190 1070 Alii,
1211 1010 1245 1060 sb

178 1081 291 1136 AEmilio
309 1080 398 1134 Probo
419 1079 538 1152 profecte
558 1079 614 1132 bec
632 1079 713 1140 verbs
728 1091 865 1150 putentes,
886 1093 1020 1149 suerunt,
1043 1095 1176 1136 suctorem
1189 1105 1245 1140 uon

179 1159 217 1214 de
235 1162 281 1214 illo
308 1179 363 1214 nvo
377 1158 469 1230 loqui,
495 1175 549 1230 qno
564 1158 737 1230 imperstores
755 1159 913 1225 Peussuiss,
937 1159 1089 1231 Lysander,
1113 1164 1246 1234 Agr-silem

178 1241 327 1305 vixerunt,
350 1237 397 1292 sed
424 1237 459 1292 de
481 1255 528 1304 eo,
555 1256 611 1309 quo
633 1238 702 1292 liber
724 1238 889 1310 conscriptus
909 1241 1071 1310 putubatur,
1100 1241 1248 1299 Theodosii

177 1339 278 1392 nempe
286 1332 378 1384 etste3
394 1332 458 1373 tunc
473 1318 542 1371 forte
556 1315 855 1372 hebitcsLscedscmcne
870 1317 948 1372 ludos
959 1320 1089 1387 scenicos,
1104 1333 1168 1375 tunc
1178 1323 1247 1378 forte

176 1398 276 1454 viduas
292 1399 395 1452 nobiles
407 1399 446 1452 eis
458 1395 580 1450 sdt‘uisse.
601 1397 667 1450 Tem
682 1399 779 1450 sbscns
794 1409 834 1450 est
844 1397 901 1452 bne
913 1401 1078 1470 conjecture,
1097 1413 1138 1454 tot
1154 1417 1247 1456 contre

175 1497 240 1534 etun
254 1480 343 1533 rslent
353 1479 484 1542 rationes,
501 1490 532 1530 ut
543 1495 632 1548 operer
643 1477 760 1548 pretium
775 1495 830 1530 non
851 1478 885 1532 sit
898 1479 923 1533 ei
935 1478 1086 1533 refellendo
1100 1481 1247 1536 immorari.

174 1561 238 1614 Nec
249 1561 411 1614 mentionem
426 1559 482 1628 ejus
502 1557 635 1622 iecissem,
650 1557 762 1621 uicies,
780 1555 853 1628 quod
871 1558 983 1624 ιιίιιιιιι,
1009 1559 1132 1613 Lsmbini
1148 1579 1247 1616 nomen

172 1657 238 1712 pre
251 1658 279 1693 se
291 1641 380 1692 ferret.
401 1639 433 1690 In
446 1637 565 1692 chortem
575 1635 717 1706 conjecisse
727 1634 834 1689 videtum
846 1638 991 1692 Lsmbiuus
1003 1639 1072 1694 benc
1086 1641 1248 1695 observatio·

175 1737 260 1786 nem,
274 1732 414 1790 nntequsm
429 1717 512 1771 lsctus
522 1721 562 1770 est
571 1715 685 1781 certior,
701 1715 833 1786 Nepotem
846 1735 902 1770 esse
916 1737 1009 1771 verum
1023 1719 1085 1772 libri
1096 1733 1248 1788 sectorem

178 1811 274 1872 postes
290 1799 362 1852 illem
379 1795 466 1850 delere
480 1796 587 1850 oblitus.
607 1796 739 1848 Monstrat
752 1795 805 1848 lico
816 1798 983 1868 exemplum,
1000 1797 1153 1870 purgandos
1168 1819 1249 1854 esses

176 1879 317 1952 lspsibus,
339 1878 394 1930 sive
409 1876 501 1930 cslsmi
515 1876 570 1928 sive
587 1872 699 1945 judicii,
716 1873 867 1928 doctiorum
883 1877 961 1930 etism
974 1877 1094 1931 viromm
1112 1897 1247 1934 commen·

179 1959 279 2024 turice,
297 1959 319 2012 si
341 1957 433 2010 iterets
451 1953 569 2009 editione
584 1967 749 2026 repetuntur.
777 1955 918 2027 Expliceut
932 1957 975 2008 ulii
994 1977 1087 2010 seersum
1104 1974 1153 2030 per
1170 1959 1249 2014 ludos

179 2039 373 2113 gymmsticos.
386 2055 452 2106 quos
463 2032 652 2088 Lscednmone
664 2051 760 2104 msgno
772 2035 801 2088 in
811 2037 902 2106 pretio
913 2035 993 2090 luisse
1011 2039 1120 2102 scimus,
1137 2039 1247 2094 feminae

179 2135 290 2192 qnoque
302 2117 340 2170 eis
356 2113 480 2169 admissus
493 2133 547 2166 non
563 2131 704 2184 negemuss
724 2111 769 2164 sed
781 2131 900 2184 pugnare
911 2114 1018 2169 videtur
1033 2118 1088 2170 buc
1107 2119 1247 2190 explicatio

178 2211 369 2254 conuersum
390 2193 463 2248 vocis
482 2193 578 2252 Scene,
604 2210 618 2244 s
637 2191 737 2246 Grecis
757 2209 831 2263 reque
850 2211 880 2246 sc
896 2195 1022 2247 Romanis
1040 2209 1185 2267 receptum.
1214 2199 1248 2252 Et

180 2289 266 2332 restet
279 2275 408 2347 qttcetio:
434 2272 500 2336 Quis
513 2268 635 2324 mercede
652 2269 782 2322 conducet
798 2269 906 2324 vidnsm
918 2273 1049 2338 nobilem,
1076 2286 1107 2326 ut
1122 2289 1164 2328 ent
1178 2295 1251 2348 spee-

181 2355 289 2411 tstum?
310 2354 361 2406 Alii
378 2350 508 2422 denique,
529 2367 643 2420 quorum
656 2349 781 2420 princepe
796 2350 847 2402 fuit
864 2351 1043 2423 Hieronymus
1058 2354 1176 2425 Magius,
1193 2375 1250 2409 cre·

182 2433 326 2498 diderunt,
346 2432 397 2502 legi
418 2429 515 2483 debere
539 2448 644 2489 caram,
668 2446 723 2480 non
741 2447 853 2482 menum.
879 2431 933 2483 Aut
951 2431 1020 2484 hunc
1032 2432 1185 2501 lectionem,
1206 2449 1251 2490 sut

183 2515 267 2570 etism
278 2514 314 2565 ad
323 2513 414 2571 leuem,
431 2507 592 2581 corrigendo
607 2509 690 2561 textui
703 2521 790 2579 eptem
803 2507 976 2563 essecredidit
983 2511 1000 2564 J
1003 2511 1250 2586 .M.ldeusingerus,

91 2645 101 2659 ,
183 2612 269 2666 esque
283 2612 325 2646 res
338 2592 437 2662 lsrgsm
451 2589 566 2662 prebuit
579 2588 716 2642 meterism
729 2584 915 2659 disputationis
928 2590 999 2643 inter
1012 2590 1098 2661 ipsunt
1115 2605 1140 2646 et
1151 2591 1250 2647 doctis·

183 2675 283 2729 simunt
296 2671 473 2726 Stsrernium.
497 2669 607 2722 Certum
621 2665 730 2739 quidem
744 2679 797 2732 est,
812 2669 982 2722 Lunensium
996 2688 1083 2724 mores
1096 2690 1151 2724 non
1170 2672 1250 2728 fuisse

184 2772 242 2826 pres
255 2752 355 2807 ceteris
375 2762 467 2805 custos.
495 2745 548 2802 Sed
568 2747 648 2802 lectio
671 2747 706 2798 ad
727 2747 804 2800 lesam
825 2767 883 2800 non
903 2749 1002 2821 placuit
1020 2751 1098 2804 besto
1115 2751 1251 2821 Gesnero,

181 2837 257 2906 jure,
275 2845 307 2886 ut
326 2831 393 2884 milri
414 2825 522 2902 quidem
536 2826 654 2892 videtum
675 2839 714 2890 et,
733 2826 756 2880 si
770 2829 931 2899 exprobrare
954 2829 1042 2900 Nepos
1060 2831 1145 2884 voluit
1161 2830 1249 2886 viduis

183 2913 302 2968 Lacunis
317 2929 423 2966 morum
441 2907 593 2974 licentiam,
613 2907 665 2960 hoe
686 2925 762 2960 sensu
787 2906 832 2961 vix
858 2904 994 2980 adseqssnte
1014 2908 1109 2964 dixisse
1129 2909 1247 2966 videtur:

183 2993 253 3059 Qua
267 3011 323 3046 non
338 2989 372 3044 sd
384 3007 486 3044 emnem
498 2999 541 3042 est
558 2985 679 3040 mercede
692 2985 832 3041 conducts.

224 3072 301 3127 Nihil
315 3072 404 3143 itsque
424 3079 557 3142 superest,
586 3067 638 3120 nisi
659 3080 690 3120 ut
713 3066 803 3120 locum
819 3067 966 3138 judicemus
986 3065 1053 3121 sdeo
1076 3083 1249 3142 corruptum,

186 3151 290 3206 AEmilii
303 3153 412 3206 fonssse
424 3149 506 3202 Probi
522 3147 617 3219 culpe,
631 3159 661 3200 ut
675 3146 849 3219 probabiliter
857 3166 907 3200 nec
919 3147 1044 3220 explicsri
1054 3168 1104 3204 nec
1116 3151 1251 3204 emendari

186 3233 279 3301 possit.
306 3231 396 3284 Nolim
416 3228 486 3282 enim
502 3245 622 3280 accusare
638 3227 809 3294 Cornelium,
831 3245 892 3280 eum
909 3229 938 3280 in
958 3229 1078 3282 moribus
1097 3229 1251 3290 Grecorum

187 3307 368 3382 exponendis,
392 3309 421 3362 in
447 3306 603 3379 prolusione
624 3307 789 3377 presertim,
813 3307 860 3360 nbi
879 3308 998 3380 exemplu
1021 3307 1160 3382 deligenda
1177 3325 1252 3364 erent

186 3389 326 3441 notissime
337 3400 362 3440 et
376 3387 536 3450 certissima,
549 3397 602 3440 tsrn
618 3386 731 3456 graviter
745 3405 852 3440 enasse.

228 3467 279 3520 IV.
300 3467 378 3520 Prot.
396 3461 419 3527 S.
437 3482 472 3517 t:
496 3465 559 3534 Quis
572 3469 683 3518 muers
700 3465 808 3518 docuerit
822 3467 1022 3538 Epsmr'norrdnrrs.
1041 3469 1115 3522 Nihil
1136 3471 1251 3539 apertius

188 3546 303 3601 deelsrst
322 3545 391 3598 bruc
406 3545 561 3599 Grecorum
583 3561 721 3597 morenis
743 3547 869 3600 Romsnis
892 3545 1090 3614 diversitatem,
1118 3567 1197 3620 qusm
1223 3546 1252 3601 id
1305 3607 1308 3613 y

187 3623 262 3700 qnod
281 3625 366 3681 Cicere
378 3626 428 3689 sit,
451 3624 544 3694 Quart.
561 3625 631 3676 Ture.
650 3625 680 3688 1,
696 3641 720 3676 o.
735 3631 769 3688 4:
791 3625 947 3680 «Summum
968 3625 1146 3680 eruditionem
1165 3627 1251 3681 Greci

191 3707 294 3760 uitem
309 3706 452 3759 censebunt
464 3703 493 3756 in
508 3719 651 3756 nervorum
665 3721 814 3776 vocumque
826 3706 955 3760 centibus
971 3707 1056 3777 igitur
1066 3721 1092 3775 et
1102 3705 1253 3776 Epaminon·

191 3813 204 3836 ι
214 3787 271 3849 das,
285 3785 421 3858 princeps,
434 3801 494 3836 mec
506 3781 621 3854 judicio,
631 3782 861 3849 Gratimfidihnr
871 3785 996 3858 preclare
1006 3785 1130 3839 cecinisse
1139 3784 1250 3848 dicitnr,

191 3892 204 3916 ι
218 3866 438 3936 Themistoclesque
452 3862 552 3935 aliquot
567 3875 628 3916 ente
641 3864 729 3930 simis,
741 3882 824 3936 quum
849 3865 878 3918 in
894 3863 980 3936 epulis
998 3877 1142 3918 recursem
1152 3866 1252 3938 lyram,

191 3945 322 4002 sbsbitus
334 3958 374 4000 est
387 3941 527 3998 indoctior.
555 3943 627 4014 Ergo
644 3943 673 3996 in
688 3942 790 3997 Grecis
805 3944 899 3998 musici
917 3943 1079 4007 floruerunt,
1103 3941 1252 4000 discebant·

192 4043 265 4096 «qne
277 4025 307 4080 id
322 4043 425 4092 omnes,
440 4041 504 4088 uec,
515 4023 562 4094 qui
577 4023 722 4088 nesciebat,
734 4025 796 4078 sstis
808 4024 926 4078 excrtltus
938 4021 1059 4076 doctrine
1071 4025 1225 4096 putsbstnr.
1235 4051 1247 4074 ι

230 4107 361 4160 Cerebsnt
372 4103 496 4162 domeni.
519 4121 604 4174 quum
618 4115 707 4158 temen
718 4104 855 4158 Ciceronis
870 4115 944 4157 setste
959 4115 1045 4160 esseut
1057 4103 1249 4168 florentissimi,
