3282 5156
416 455 491 542 304
678 455 944 526 CORNELII
971 455 1201 524 NEPOTIS

464 586 638 658 Cornelius
657 589 771 682 Nepos
785 586 901 672 tradit,
920 600 996 654 ante
1009 584 1107 654 Sullae
1119 571 1313 654 victoriam⁴
1327 585 1394 654 duo
1404 599 1480 655 tan·

411 709 483 764 tum
504 693 644 764 triclinia
663 695 778 763 Rourae
801 692 899 762 fuisse
917 705 1083 787 argentea.
1099 693 1189 762 Ploz.
1208 695 1391 779 XXXIII,
1414 715 1475 762 11.

465 801 593 872 Primus
605 802 731 870 invenit
747 783 868 868 lineas⁵
885 795 1051 886 colorare,
1065 811 1147 866 testa
1160 790 1220 886 (ut
1233 791 1363 886 ferunt)
1380 801 1474 885 trita,

411 905 638 1002 Cleophantus
656 905 856 976 Corinthius.
873 907 989 990 Hunc,
1001 917 1060 973 aut
1074 903 1191 974 eodem
1206 906 1340 974 nomine
1357 902 1476 992 abunt,

410 1013 511 1082 tradit
535 1011 708 1082 Cornelius
729 1013 843 1105 Nepos
867 1023 1016 1080 secutum
1039 1011 1072 1078 in
1090 1009 1218 1080 Italiam
1238 1012 1476 1096 Demaratum,

410 1119 577 1214 Tarquinii
592 1120 712 1206 Prisci,
731 1119 873 1186 Romani
891 1115 995 1210 regis,
1010 1131 1154 1210 patrem,
1173 1116 1352 1210 lugientem
1370 1141 1389 1184 a
1404 1118 1474 1185 Co·

412 1226 523 1294 rintho
544 1224 678 1318 injurias
696 1221 827 1319 Cypseli
850 1224 990 1316 tyranni.
1012 1223 1102 1292 Plio.
1118 1225 1270 1310 XXXV,
1298 1219 1332 1292 3.

465 1333 611 1402 Primum
637 1333 753 1400 Romae
784 1329 925 1424 parietes
956 1342 1066 1397 crusta
1103 1329 1277 1398 marmoris
1303 1329 1475 1424 operuisse

411 1440 511 1508 totius
536 1436 654 1506 domus
676 1459 743 1506 sua
766 1437 800 1504 in
821 1433 927 1504 Coelio
947 1447 1060 1504 monte
1078 1432 1251 1504 Cornelius
1270 1435 1384 1529 Nepos
1404 1449 1472 1502 tra·

411 1543 495 1613 didit
520 1543 742 1630 Mamurram,
773 1542 912 1610 Formiis
939 1555 1071 1628 natum,
1088 1542 1232 1635 equitem
1259 1541 1474 1628 Romanum,

412 1650 605 1744 praefectum
632 1648 763 1717 fabrum
790 1650 829 1717 C.
859 1647 997 1716 Caesaris
1027 1648 1060 1715 in
1084 1646 1201 1716 Gallia.
1225 1645 1354 1740 Adjecit
1383 1646 1472 1716 idem

412 1758 543 1850 Nepos,
554 1778 630 1822 eum
644 1756 787 1848 primum
799 1755 876 1822 totis
891 1753 1015 1821 aedibus
1028 1750 1168 1840 nullam,
1182 1755 1243 1822 nisi
1256 1777 1275 1821 e
1290 1777 1472 1840 marmore,

412 1859 601 1931 columnam
624 1859 794 1944 babuisse,
815 1883 931 1928 omnes
953 1858 1071 1928 solidas
1088 1885 1108 1928 e
1129 1845 1311 1954 Carystio⁶,
1328 1873 1385 1928 aut
1403 1863 1471 1938 Lu·

414 1970 517 2036 nensi.
537 1967 684 2050 Pauus,
706 1969 878 2051 XXXVI,
904 1963 939 2034 6.

464 2076 525 2142 xl.
549 2071 639 2140 AEdis
655 2072 772 2140 Martis
789 2086 838 2140 est
857 2072 889 2138 in
907 2072 995 2140 circo
1018 2070 1177 2142 Flaminio
1194 2071 1409 2141 architectata
1427 2071 1470 2142 ab

412 2177 621 2249 Hermodoro
640 2176 846 2248 Salaminio¹.
863 2180 1077 2262 precamus,
1100 2177 1154 2247 lib.
1175 2181 1279 2264 VIII,
1295 2179 1359 2248 col.
1383 2203 1468 2274 79²·

463 2287 541 2356 Non
553 2283 693 2378 amplius
706 2299 757 2352 ter
770 2283 882 2352 bibere
890 2285 1076 2376 Augustum
1091 2283 1223 2352 solitum
1234 2309 1333 2378 super
1341 2309 1471 2354 coenam

411 2395 444 2460 in
461 2393 575 2461 castris
591 2389 679 2484 apud
695 2391 878 2476 Mutinam,
896 2387 1069 2460 Cornelius
1082 2393 1195 2484 Nepos
1207 2389 1316 2460 tradit.
1330 2393 1469 2462 Sueten.

414 2501 507 2592 Aug.
537 2522 566 2566 c.
598 2520 658 2592 77.

308 2693 313 2704 ¹
462 2597 532 2691 (ln
563 2617 710 2671 extrema
737 2603 910 2670 Britanniae
936 2615 1029 2695 parte
1054 2605 1174 2692 Mona,
1199 2601 1320 2698 quam²
1343 2606 1468 2673 Corne·

411 2708 473 2780 lius
494 2711 610 2798 etiam,
637 2707 803 2778 annalium
828 2709 985 2804 scriptor,
1015 2723 1128 2776 narrat
1155 2709 1293 2780 metallis
1322 2707 1470 2804 plurimis

410 2817 598 2912 copiosam,
617 2815 727 2883 herbis
743 2814 968 2908 frequentem,
980 2829 1015 2882 et
1028 2815 1078 2884 his
1094 2815 1286 2886 feraciorem
1299 2815 1470 2904 omnibus,

410 2949 483 3018 quae
503 2945 625 3017 pecora
648 2922 767 3014 magis,
789 2944 888 3014 quam
910 2920 1059 2989 homines
1080 2921 1179 2990 alant.
1203 2923 1285 2990 Labi
1307 2945 1387 2990 vero
1408 2947 1469 3017 per

410 3053 483 3099 eam
520 3026 623 3096 multa
652 3051 752 3122 quam
781 3028 923 3095 maxima
948 3024 1113 3122 relabique
1142 3027 1295 3115 llumina,
1322 3053 1468 3124 gemmas

411 3136 668 3229 margaritasque
682 3123 879 3220 volventia.)
890 3133 1099 3219 Jommzdes,
1118 3133 1240 3203 dereb.
1259 3137 1365 3204 Getic.
1379 3139 1467 3203 c.II.

452 3332 479 3390 4.
494 3324 560 3378 Ante
579 3323 655 3377 Sulla
663 3327 805 3388 victoriam,
821 3324 919 3376 scilieet
961 3323 1035 3377 libris
1048 3325 1144 3396 legitur
1159 3325 1273 3389 Memora,
1288 3325 1411 3398 quamsit
1425 3343 1467 3379 ce·

378 3445 381 3452 .
412 3404 445 3460 de
457 3403 591 3459 Marianis.
961 3405 1022 3456 teris
1044 3405 1190 3477 Miniumque
1214 3405 1256 3458 vel
1280 3409 1466 3477 minimamque,

452 3483 477 3538 5.
493 3484 587 3536 Ltnm.
604 3483 713 3546 Vestes,
727 3482 850 3552 intellige.
961 3495 1050 3554 aperta
1061 3486 1240 3558 corruptione.
1251 3484 1468 3538 Substituendutn

451 3569 480 3620 6.
502 3562 622 3634 Carystio.
648 3561 753 3615 Scilicet
776 3579 915 3615 mannore.
961 3561 1067 3616 videtur
1087 3563 1171 3618 Mona.
1195 3567 1238 3618 CI.
1262 3566 1384 3618 Tacitum
1400 3565 1468 3619 infra

411 3643 624 3718 Carystus‚urbs
637 3642 916 3708 Euboere3Luna,Li·
960 3641 1031 3696 laud.
1055 3673 1095 3686 -
1117 3645 1196 3714 Quom
1221 3645 1345 3698 Comedus
1373 3649 1463 3706 etiam,

412 3727 501 3799 garria.
522 3723 583 3776 Τις.
960 3723 1081 3774 annalium
1097 3729 1205 3794 scrIptor.
1222 3725 1299 3777 Hunc
1312 3724 1466 3778 Cornelium

451 3803 572 3859 Cle.
593 3820 615 3854 1.
633 3801 675 3856 Ab
684 3802 833 3854 Hermodoro
843 3801 916 3854 Sola·
964 3801 1073 3854 Tacitum
1092 3821 1151 3855 eum
1172 3805 1281 3856 Schouo
1304 3817 1330 3856 et
1348 3803 1465 3856 Linden-

411 3889 492 3938 mbu'o.
507 3880 682 3944 Hermodori,
698 3883 832 3934 architecti
848 3883 915 3934 cele·
959 3882 1468 3954 brogioplurimiexistimant,ntvidere

410 3962 877 4029 berrimi,memiuitVitruvius‚lll,
892 3977 915 4013 r.
959 3973 998 4012 est
1007 3964 1100 4033 exejus
1110 3964 1382 4036 Annalibuspluribus
1391 3964 1418 4015 in
1427 3963 1466 4015 lo·

412 4045 546 4096 Quarta.
960 4041 1010 4107 cis,
1021 4059 1050 4094 ac
1061 4043 1205 4112 praesertim
1217 4063 1248 4095 ex
1259 4044 1387 4114 Agricola
1400 4043 1466 4096 XIV

453 4141 477 4176 a.
488 4123 577 4182 Mona,
587 4140 666 4194 qam,
677 4121 743 4174 Fere
753 4123 781 4176 in
793 4121 916 4174 omnibus
959 4133 986 4174 et
996 4123 1098 4176 XVIII.
1106 4124 1241 4194 Improbat
1249 4141 1312 4176 reto
1317 4123 1466 4180 t'nchuck
