3200 5120
357 511 378 557 n
720 481 1047 550 TESTIMONIA

355 621 423 692 mio
448 617 500 688 cui
523 611 727 685 fovendum?
746 613 888 698 Inveni,
915 612 1042 707 trepide
1067 608 1160 680 silete
1181 635 1292 683 versus
1315 611 1416 707 (vel,

353 743 391 798 ut
418 722 545 795 mavult
571 722 634 816 legi
662 718 712 790 Cl.
737 723 928 807 Puteanus,
957 715 1086 814 trepide
1110 719 1209 788 silete
1235 737 1340 808 nate,
1377 741 1415 794 ut

353 858 413 930 per
442 847 561 902 nauem
591 827 712 896 librum
741 850 836 895 suurn
866 825 1049 920 significet,
1076 849 1217 920 eumque
1249 829 1297 897 sic
1334 829 1414 902 allo·

352 953 489 1036 quatur,
504 953 541 1007 ut
555 959 673 1032 parens
692 931 814 1020 lilium;
830 932 921 1027 quod
935 934 961 1002 si
976 933 1187 1027 recipiamus,
1200 931 1311 1004 malim
1329 933 1415 1032 legi,

352 1045 481 1143 trepide
503 1044 599 1113 silete
615 1045 694 1112 nati
703 1034 732 1128 ),
753 1043 822 1108 Nec
842 1039 977 1108 doctum
1000 1041 1126 1126 minus,
1147 1054 1181 1109 et
1200 1043 1305 1136 magis
1323 1042 1415 1112 beni-

353 1177 480 1249 gnum,
504 1151 735 1243 Quamquam
757 1144 865 1216 Gallia
886 1145 1026 1241 praebuit
1048 1143 1191 1218 Catullo.
1213 1151 1287 1217 Hoc
1306 1148 1417 1220 nullus

352 1249 433 1329 milii
446 1259 553 1328 carior
568 1278 738 1341 meorum,
749 1253 857 1341 Quem
875 1249 976 1346 pluris
992 1251 1117 1322 faciunt
1131 1277 1251 1324 novem
1270 1277 1417 1346 sorores,

351 1369 462 1456 Quam
474 1378 611 1434 cunctos
620 1359 866 1447 alios,Marone
877 1358 1189 1454 demptoPacatum
1199 1361 1289 1431 haud
1300 1361 1417 1450 dubie,

351 1477 466 1568 pdeta,
488 1469 578 1538 dicis.
608 1469 684 1562 Ipse
711 1480 784 1553 est;
802 1465 966 1561 intrepide
994 1463 1103 1536 volate
1127 1490 1251 1538 versus.
1271 1470 1335 1538 Hic
1357 1493 1417 1540 vos

351 1577 486 1674 diligere
506 1590 539 1644 et
564 1571 654 1642 volet
676 1572 778 1660 tueri,
803 1575 848 1640 Et
867 1571 975 1642 nudos
996 1575 1122 1668 gremio
1149 1573 1261 1644 fovere
1287 1588 1368 1644 tuto.
1396 1605 1413 1640 a

351 1677 454 1770 (Hoc
475 1695 586 1752 autem
608 1677 724 1748 ordine
746 1679 808 1748 hos
827 1679 995 1773 proximos
1016 1703 1130 1750 versus
1152 1705 1222 1751 esse
1245 1679 1418 1775 legendos,

351 1805 384 1860 et
400 1787 748 1885 proflavete,fovere
758 1839 770 1873 ,
792 1786 1041 1879 reponendum,
1056 1786 1140 1856 vidit
1161 1786 1211 1856 Cl.
1235 1790 1418 1873 Puteanus;

351 1896 438 1967 idern
457 1909 568 1964 tamen
585 1891 711 1962 madiam
728 1897 764 1960 ia
775 1897 906 1986 gremio
924 1891 1018 1987 legit,
1032 1907 1071 1962 ut
1091 1892 1191 1962 habet
1209 1893 1308 1963 editio
1327 1897 1420 1990 Lug-

352 2003 508 2072 dunensis
522 2014 556 2070 et
567 2003 726 2093 Antverp.
738 2050 748 2084 ,
762 2012 800 2086 ut
813 2013 976 2092 congruat
987 2023 1063 2068 cum
1079 2023 1162 2070 voce
1172 1993 1288 2089 nate.)
1303 2003 1420 2094 Neque

352 2135 432 2181 vero
450 2131 650 2204 quemquam
667 2129 802 2174 movere
817 2103 932 2192 debet,
946 2106 1037 2199 quod
1051 2105 1201 2176 Catullus
1220 2106 1310 2175 hunc
1328 2129 1420 2174 eum-

353 2218 429 2287 dem
454 2218 617 2308 Nepotem
639 2209 762 2280 Italum
785 2209 885 2280 fuisse
907 2211 1086 2305 significat,
1103 2213 1218 2307 primis
1241 2213 1389 2284 versibus
1411 2241 1418 2281 :

358 2323 447 2392 «Cui
459 2320 548 2390 dono
565 2316 727 2414 lepidum,
742 2339 866 2386 novum
882 2315 1043 2405 libellum,
1058 2319 1160 2388 Arida
1174 2319 1275 2388 modo
1289 2321 1420 2413 pumice

354 2423 558 2524 expolitum?
579 2422 734 2511 Corneli,
754 2423 838 2492 tibi:
862 2447 1004 2518 namque
1026 2438 1063 2492 tu
1085 2423 1214 2494 solebas
1234 2427 1328 2496 Meas
1350 2449 1422 2496 esse

354 2532 477 2630 aliquid
496 2545 612 2627 putare
626 2553 732 2624 nugas
749 2533 823 2598 Jam
843 2544 932 2618 tum,
949 2555 1051 2626 quum
1069 2553 1169 2601 ausus
1187 2557 1237 2619 es,
1252 2555 1339 2600 unus
1358 2535 1421 2600 lta·

275 2679 280 2688 ·
355 2642 484 2723 lorum,
502 2639 612 2708 Omne
633 2661 741 2705 aevum
763 2635 875 2705 tribus
888 2635 1052 2731 explicare
1068 2636 1199 2706 chartis.
1214 2667 1231 2702 a
1253 2639 1341 2707 Nam
1360 2661 1420 2706 ora

356 2745 484 2819 Gallica
501 2771 541 2814 ex
558 2743 692 2837 antiqua
713 2741 932 2835 descriptione
947 2742 989 2810 ab
1005 2745 1143 2812 Ancona
1165 2743 1294 2812 initium
1311 2742 1421 2832 ducit,

355 2869 389 2924 et
406 2877 511 2948 usque
528 2851 570 2919 ad
586 2848 685 2944 Alpes
706 2849 904 2943 porrigitur,
919 2861 954 2916 et
970 2861 1082 2916 tamen
1100 2873 1189 2918 nunc
1210 2851 1319 2920 Italia
1339 2849 1419 2920 dici·

358 2975 428 3046 tur,
440 2959 615 3050 Italiaque
628 2954 709 3023 olim
723 2953 901 3022 dicebatur.
923 2955 1040 3047 Itaque
1060 2969 1094 3023 et
1111 2958 1168 3049 qui
1182 2969 1274 3026 trans
1291 2955 1420 3025 Padum

358 3089 461 3159 usque
483 3062 524 3132 ad
540 3061 765 3146 Rubiconem,
793 3072 826 3127 et
849 3060 905 3152 qui
921 3060 968 3128 cis
989 3060 1114 3130 Padum
1133 3062 1299 3156 usquead
1320 3060 1421 3156 Alpes

358 3169 562 3252 incolebant,
574 3167 671 3235 Galli
677 3165 879 3236 dicebantur.
890 3162 952 3234 Illa
963 3167 1050 3236 enirn
1063 3181 1134 3236 erat
1145 3170 1264 3238 Gelan
1277 3183 1419 3263 togata,

360 3277 432 3346 haec
458 3271 713 3368 Transpadana
729 3267 742 3362 (
757 3295 812 3340 eas
836 3271 965 3366 appello
986 3287 1025 3342 ut
1047 3273 1150 3343 homo
1176 3273 1313 3362 Gallus,
1332 3289 1366 3344 et
1386 3275 1423 3344 in

361 3381 443 3452 urbe
465 3381 597 3450 Lutetia
614 3377 685 3447 haec
703 3378 867 3465 scribens,
888 3377 982 3448 aliter
998 3379 1239 3476 appellaturus,
1261 3383 1288 3450 si
1305 3382 1423 3450 Rornae

362 3477 573 3573 scriberem).
596 3487 641 3552 Et
657 3509 789 3554 rursum
807 3484 904 3554 iidem
922 3488 1053 3582 utrique
1072 3485 1147 3557 Itali
1167 3487 1378 3576 dicebantur,
1395 3487 1423 3556 si

363 3593 495 3692 quidem
516 3613 631 3661 verum
649 3606 715 3678 est,
730 3590 859 3660 Italiam
873 3607 1024 3663 enatura
1039 3592 1179 3689 Alpibus
1198 3594 1298 3664 fuisse
1315 3594 1425 3662 muni·

363 3716 451 3790 tam,
466 3713 504 3770 ut
522 3711 588 3786 est,
608 3695 772 3794 Alpesque
790 3711 824 3767 et
842 3723 929 3770 nunc
948 3723 1038 3787 esse,
1059 3715 1093 3769 et
1113 3699 1191 3770 olim
1214 3699 1312 3770 fuisse
1331 3723 1424 3768 com·

306 3827 309 3833 '
364 3833 482 3882 munes
500 3806 600 3876 ltaliae
611 3819 644 3873 et
658 3803 773 3875 Galliae
793 3807 958 3876 terminos.
982 3809 1097 3876 Restat
1114 3831 1222 3895 nunc,
1234 3820 1271 3876 ut
1293 3819 1424 3876 senten·

250 3941 253 3946 ·
365 3919 445 3986 tiam
460 3934 568 3984 meam
583 3913 728 4008 aperiam
739 3910 948 4000 ,videaturne
962 3912 1110 3984 AEmilius
1123 3914 1267 4002 Probus,
1281 3937 1323 3983 an
1339 3915 1423 3982 Cor-

365 4021 470 4091 nelius
487 4023 600 4116 Nepos
616 4019 737 4089 harum
750 4019 893 4088 vitarum
911 4021 1060 4116 scriptor.
1077 4020 1220 4092 Difficile
1237 4019 1370 4114 quidem
1390 4031 1425 4085 et

367 4126 587 4224 periculosum
603 4125 764 4220 judicium
786 4141 837 4198 cst
857 4153 866 4195 ε
890 4143 1141 4219 verumtamen,
1168 4151 1271 4222 quum
1288 4139 1322 4195 et
1340 4122 1425 4194 mihi
