3282 5156
490 499 949 592 oesuttvsttotttts
1169 505 1242 581 323

186 627 500 694 demolientium,
515 631 535 684 si
549 631 638 684 minor
648 632 718 685 iuter
729 649 774 684 eos
782 632 968 685 intercessisset
981 634 1153 690 necessitudo.
1167 640 1245 696 'ilino

186 711 258 764 enim
276 727 332 762 non
351 711 475 781 tepentis
497 710 571 763 libris
597 709 689 768 edite,
714 711 802 763 locum
825 712 1003 765 obtinuissent
1020 714 1090 768 inter
1110 717 1245 775 Ciceronis

185 791 309 866 epistolas
325 788 360 842 sd
374 787 506 854 nivosos
520 807 579 861 quc
594 801 696 842 etatem
709 790 834 844 tulerunt.

226 870 287 941 lpse
301 887 350 922 uos
371 867 449 922 docet
463 869 617 934 Cornelius,
637 887 664 922 ee
687 889 742 922 uon
764 871 895 922 minorem
914 889 1022 942 operam
1040 872 1191 932 adhibuisse
1216 879 1244 932 in

188 948 314 1002 Romnuis
333 949 537 1020 imperatoribus
555 947 717 1021 exponendis
732 965 810 1020 mem
831 951 860 1002 in
875 949 982 1004 Grecis.
1003 951 1052 1005 llis
1069 955 1140 1006 enim
1158 958 1245 1012 serbis

187 1025 324 1082 concludit
343 1028 424 1081 vitatu
441 1028 614 1082 Hannibalis:
633 1053 644 1075 ι
655 1029 778 1100 Tempus
790 1041 828 1082 est
841 1029 920 1100 hujus
931 1029 993 1083 libri
1004 1032 1088 1086 iecere
1103 1033 1202 1098 finem,
1219 1052 1246 1091 et

192 1133 205 1156 ι
217 1109 400 1160 Romanorum
416 1107 547 1180 explicere
561 1109 744 1180 imperatorem
757 1127 811 1180 quo
827 1109 943 1174 facilius,
958 1111 1058 1164 collutis
1074 1125 1247 1188 utrorumque

191 1187 302 1254 «iactis,
326 1187 373 1258 qui
395 1188 446 1240 viri
466 1187 624 1260 proferendi
644 1188 696 1240 sint
707 1187 725 1252 ‚¹
735 1189 818 1259 possit
835 1187 956 1260 judicari.
976 1216 987 1236 ι
1014 1191 1100 1245 Testis
1116 1195 1194 1246 etium
1208 1211 1247 1250 est

189 1267 357 1324 Plutarchus,
370 1268 417 1338 qni
434 1268 462 1319 in
475 1267 537 1320 vitis
554 1269 592 1320 tt.
606 1267 735 1332 Marcelli,
754 1269 858 1321 Luotdli
875 1281 901 1321 et
918 1267 1100 1324 Grucchoruut
1118 1275 1247 1342 inmuni,

188 1345 260 1400 huuc
279 1347 378 1400 librum
399 1346 517 1400 Cornelii
535 1347 629 1400 hebuit
652 1360 711 1399 ente
731 1348 830 1402 oculos.
857 1345 909 1400 Sed
928 1348 1042 1415 interiit,
1067 1363 1094 1404 et
1113 1367 1152 1407 est
1175 1355 1247 1426 quod

187 1425 324 1492 dubitem,
344 1445 378 1478 su
395 1427 587 1490 ducatoris,
605 1443 664 1498 quse
681 1440 814 1498 superest,
833 1445 884 1498 pro
898 1429 1024 1500 perticuls
1041 1430 1120 1504 bujtts
1137 1431 1198 1488 libri
1214 1434 1248 1489 de

188 1507 392 1579 imperatoribus
405 1504 524 1559 babendo
541 1507 590 1571 sit;
605 1506 631 1558 in
643 1507 770 1559 brevitate
783 1507 854 1559 euim
867 1525 914 1560 suu
925 1509 1038 1580 smplior
1049 1523 1088 1564 est
1101 1512 1129 1564 in
1142 1515 1247 1586 scriptis

187 1589 258 1658 ejus,
272 1603 352 1657 quam
367 1585 394 1637 in
409 1586 488 1638 rebus
500 1585 578 1657 gestis
591 1583 783 1638 enumerandis.

228 1666 318 1718 Alium
340 1683 354 1717 a
375 1683 403 1717 se
423 1666 573 1718 coniectum
592 1665 690 1718 librum
713 1677 842 1718 memorat
865 1664 1004 1719 Cornelius
1021 1668 1049 1719 in
1067 1667 1121 1721 ritu
1139 1672 1246 1739 Dionis,

188 1763 245 1818 cap.
262 1745 295 1799 3:
320 1743 392 1796 ·sed
407 1743 441 1797 de
458 1745 510 1798 hoc
525 1737 674 1812 (Philisto)
692 1745 720 1796 in
738 1761 769 1797 eo
788 1761 847 1797 meo
865 1745 934 1798 libro
951 1746 1027 1817 plut-s
1040 1760 1102 1801 suut
1116 1753 1246 1822 exposite,

191 1851 203 1872 .
210 1825 256 1898 qui
265 1825 295 1877 de
302 1825 420 1876 Ιιίεωνίσὶε
426 1825 590 1896 conscriptus
600 1837 664 1877 est·
673 1824 752 1876 Hunc
762 1825 848 1876 locutu
860 1823 896 1877 ita
906 1823 1089 1896 eaplicsudutn
1100 1847 1168 1895 esse,
1175 1832 1248 1903 quod

188 1904 278 1977 Nepos
296 1904 401 1976 scripsit
418 1904 559 1975 sepsrstim
578 1903 612 1957 de
631 1904 762 1958 historicis
784 1905 874 1974 grecis
898 1903 978 1957 etde
1000 1905 1100 1973 latinis,
1123 1907 1247 1968 discimus

189 1985 279 2038 elec.
298 1982 371 2036 Frid.
389 1982 560 2054 Heusingeri,
582 1983 718 2037 clarissimi
739 1983 807 2048 viri,
833 1981 1030 2050 dissertatione,
1052 2003 1111 2057 qun
1136 1988 1248 2046 editioni

188 2064 299 2136 Nepotis
320 2048 493 2116 Fischerisslsc
516 2061 615 2134 sdjects
637 2075 683 2115 cst.
702 2065 728 2115 Is
749 2063 837 2128 euim,
855 2081 937 2134 quum
960 2061 1063 2118 codices
1082 2067 1248 2126 bibliotheca

188 2143 402 2214 Guelferbytanae
411 2143 596 2212 perlustraret,
609 2141 757 2194 observavit
767 2142 795 2194 in
805 2143 963 2215 perantiquo
983 2137 994 2204 (
1007 2142 1040 2196 ad
1051 2141 1168 2200 seculum
1177 2150 1249 2204 euius

189 2223 229 2276 x1
244 2218 386 2286 refertur),
399 2221 445 2292 qui
459 2221 591 2274 crationes
607 2221 742 2273 Ciceronis
761 2220 922 2292 Philippicas
940 2213 1072 2288 continet,
1085 2227 1206 2295 prolixos
1223 2231 1248 2284 ei

189 2319 245 2356 esse
258 2299 376 2372 ejusdem
388 2299 490 2352 librarii
502 2317 581 2352 tutnu
599 2297 666 2352 duos
682 2318 698 2353 e
710 2299 835 2353 Cornelio
850 2300 922 2353 locos
934 2301 1072 2372 hucusque
1087 2304 1248 2377 incognitos,

187 2382 236 2452 qui
249 2381 286 2434 sic
299 2380 498 2433 inscribuntur:
509 2378 634 2431 Cornelius
645 2379 726 2450 Nepos
739 2383 764 2430 o
776 2378 837 2431 libro
847 2379 877 2430 de
892 2379 1009 2434 historicis
1020 2381 1116 2446 otoo,
1129 2383 1163 2436 de
1170 2387 1248 2443 leude

188 2459 333 2514 Ciceronis.
360 2458 464 2530 Plsngit
479 2458 507 2510 iu
523 2457 612 2528 priore
631 2457 690 2511 loco
706 2459 840 2512 Ciceronis
856 2471 968 2512 mortem
987 2474 1189 2531 prstmsturstn,
1207 2468 1248 2523 his

189 2553 266 2593 utens
278 2538 386 2593 verbis:
402 2537 471 2590 «Ille
488 2538 559 2590 enirn
579 2537 727 2602 fortunus,
746 2539 792 2608 qui
810 2539 944 2609 potuerit,
957 2539 1004 2610 qui
1024 2541 1101 2593 etism
1124 2542 1248 2602 debuerit

193 2617 352 2672 thistorism
365 2615 445 2689 digus
460 2635 525 2670 soce
537 2618 710 2688 pronuntiare
712 2657 788 2671 ........
811 2618 852 2670 Ex
868 2633 921 2690 quo
934 2616 1044 2685 dubito,
1065 2620 1172 2677 interitu
1192 2629 1247 2698 ejus

191 2725 203 2748 ι
214 2711 304 2752 utrum
319 2717 361 2751 res
378 2697 499 2770 publica,
514 2715 548 2749 au
560 2697 671 2750 historia
683 2697 765 2769 mogh
780 2695 876 2750 doleat.
886 2723 897 2744 ι
916 2697 1072 2752 observavit
1089 2697 1160 2754 idem
1174 2705 1246 2758 lieu·

187 2779 319 2850 tingant,
338 2776 456 2832 codicem
473 2775 592 2829 Cornelii
609 2775 720 2848 Nepotis
739 2777 767 2828 in
787 2775 877 2830 endem
899 2777 1077 2844 bibliothece,
1096 2799 1175 2852 sptem
1191 2785 1246 2839 iou

187 2877 318 2912 annorum
329 2859 451 2921 estimat,
463 2856 532 2909 hanc
543 2860 603 2908 oitoe
611 2854 710 2908 &tonis
720 2856 844 2928 preferre
857 2857 1055 2928 inscriptionem
1066 2877 1073 2912 :
1086 2861 1246 2934 Excerptum

187 2957 203 2990 e
216 2939 286 2992 libro
309 2938 415 2991 Cornelii
434 2936 534 3007 Nepotis
549 2937 579 2988 de
596 2937 713 2988 historicis
735 2937 823 2989 latinis.
854 2937 958 2989 citatur
976 2937 1115 2993 Cornelius
1143 2942 1171 2993 in
1192 2945 1245 2998 sits

187 3018 321 3084 Terentii,
334 3017 389 3070 sive
400 3035 415 3068 s
428 3017 533 3080 Donato
545 3017 600 3069 sive
612 3034 627 3069 a
639 3015 766 3069 Suetonio
780 3015 940 3088 pesscs·ipts;
960 3017 1076 3070 citantur
1089 3037 1103 3071 s
1116 3019 1242 3088 Suetonio,

188 3097 302 3150 inlibris
319 3095 354 3150 dc
365 3095 442 3150 cleris
453 3096 614 3148 llbetoribus
626 3107 653 3148 et
664 3091 698 3148 de
711 3095 787 3150 clusis
801 3095 1000 3164 Grammaticis,
1012 3097 1064 3150 loci
1079 3117 1094 3150 e
1105 3099 1241 3170 Cornelio,

188 3177 233 3247 qui
243 3175 276 3229 sd
285 3176 421 3229 historiam
433 3177 614 3229 Romanorum
621 3175 776 3228 litterarium
789 3187 914 3247 spectent.
929 3177 1045 3248 Apparet
1056 3177 1132 3244 inde,
1143 3175 1243 3236 Corne·

186 3253 254 3307 lium
261 3273 315 3308 uon
322 3256 408 3308 solutu
416 3253 451 3307 de
460 3255 605 3320 historicis,
618 3253 663 3308 sed
671 3255 749 3308 etism
758 3253 793 3307 de
801 3255 858 3308 eliis
863 3254 940 3307 cleris
946 3257 1096 3311 auctoribus
1102 3261 1242 3332 scripsisse.

227 3331 349 3388 Credidit
363 3333 397 3387 G.
405 3333 431 3386 Ι.
441 3335 588 3395 Vossius,et
601 3348 661 3406 post
671 3353 733 3388 euru
748 3333 774 3387 J.
785 3335 820 3388 A.
832 3333 973 3398 Fabricius,
987 3337 1169 3410 conscripsisse
1181 3341 1245 3396 Cor·

187 3411 288 3466 neliuru
305 3413 462 3484 singulmem
473 3413 572 3466 librum
592 3413 742 3484 dellaegibus.
765 3413 874 3467 Vossius
893 3415 935 3466 his
951 3417 1035 3469 utitur
1049 3419 1135 3472 verbis
1148 3419 1176 3472 iu
1189 3422 1242 3477 sita

189 3491 328 3547 Cornelii:
346 3517 357 3538 ι
372 3491 469 3544 Preter
488 3491 657 3564 imperatores
679 3493 786 3546 seorsim
806 3510 923 3547 exsrnsse
939 3493 1039 3548 librum
1062 3495 1096 3550 de
1109 3501 1241 3571 Regibus,

191 3584 366 3642 aargutueuto
378 3571 434 3624 haec
447 3584 540 3637 erum,
553 3589 612 3643 quse
625 3571 801 3626 Timoleontis
812 3574 872 3627 sites
891 3572 998 3627 subdit:
1012 3573 1048 3626 lii
1065 3577 1119 3631 iere
1133 3580 1241 3635 fuerunt

190 3651 323 3706 «Gracia
341 3649 425 3722 gentis
442 3647 538 3716 duces,
553 3651 600 3722 qui
614 3653 741 3705 memoris
757 3650 832 3724 digni
849 3651 1022 3718 videbuntur,
1041 3669 1137 3726 preter
1159 3677 1240 3729 reges.

191 3757 203 3781 ι
214 3731 335 3803 Namque
350 3747 395 3783 eos
411 3729 537 3802 attingere
552 3731 701 3796 noluimus,
722 3731 795 3803 quod
812 3733 932 3786 omnium
950 3751 992 3786 res
1010 3747 1087 3804 gestan
1102 3739 1241 3808 separatim

191 3825 275 3865 nsunt
304 3811 402 3864 relate·
439 3807 531 3882 Neque
559 3821 647 3864 tamen
683 3811 712 3864 hi
742 3809 888 3864 admodum
930 3824 991 3865 sunt
1018 3812 1105 3868 multi.
1126 3841 1137 3863 ι
1172 3817 1241 3872 blihi

184 3907 250 3946 vero
271 3891 426 3961 neutiquam
441 3887 503 3943 hcc
521 3889 601 3942 verbs
618 3891 756 3954 Cornelii,
777 3893 957 3964 quodomnium
977 3911 1013 3942 m
1024 3905 1100 3960 μω
1114 3903 1241 3966 seposutim

184 3981 241 4024 emt
253 3971 347 4032 relotoe,
363 3971 400 4024 ita
412 3965 567 4040 explicanda
577 3969 716 4036 videntur,
734 3973 807 4043 qussi
827 3969 861 4022 sd
878 3987 961 4022 unum
974 3972 1099 4024 volumen
1112 3991 1126 4026 u
1139 3993 1166 4028 se
1177 3995 1240 4030 cou-

185 4049 313 4122 scriptum
325 4049 457 4122 respiciat.
474 4049 653 4104 Monstrosum
668 4047 767 4122 aliquid
780 4062 807 4103 et
819 4051 891 4103 bono
907 4061 1012 4103 auctore
1024 4067 1118 4122 perum
1130 4049 1241 4127 dignum
1308 4122 1312 4130 .

186 4127 265 4182 habet
277 4129 336 4184 idea
349 4127 483 4184 scribendi
494 4129 592 4183 librum
604 4129 646 4186 rel
660 4129 816 4189 historicum
828 4129 870 4182 vel
882 4129 1082 4202 biographicum
1096 4134 1127 4186 de
1138 4135 1240 4206 Regillo

986 4236 1055 4308 αι’
