3200 5120
356 527 404 574 nn
713 503 1049 573 TESTIMONIA

355 640 411 733 qui
429 635 527 707 bodie
543 659 611 705 non
628 649 725 704 extat.
748 637 886 730 Scripsit
900 637 1013 731 Nepos
1027 649 1061 704 et
1072 637 1108 704 T.
1125 636 1297 733 Pomponii
1314 645 1414 715 Attici

355 745 483 831 vitam,
505 769 545 812 ex
565 767 656 837 qua,
682 757 805 836 quanta
830 744 953 837 Nepoti
975 765 1050 810 cum
1077 742 1186 813 Attico
1214 744 1415 820 familiaritas

354 851 595 937 intercesserit,
613 849 715 918 cuivis
733 846 913 942 intelligere
930 846 1015 918 licet
1034 849 1146 918 Fuisse
1164 866 1273 921 nutem
1290 857 1413 950 Nepo-

353 972 419 1024 tem
449 958 546 1026 etiam
576 957 622 1024 M.
652 952 760 1023 Tullio
786 953 964 1024 admodum
996 952 1213 1042 familiarem,
1245 959 1413 1031 declarant

353 1061 564 1156 epistolarum
589 1059 663 1128 iibri
686 1059 728 1128 ab
753 1060 819 1130 hoc
838 1059 880 1129 ad
900 1058 991 1130 illum
1013 1061 1227 1155 scriptarum,
1248 1079 1286 1134 ut
1312 1093 1413 1161 supra

353 1167 502 1238 diximus.
538 1169 709 1236 Postremo
735 1167 929 1236 sententiam
952 1189 1060 1234 meam
1084 1168 1219 1262 adjuvat
1236 1171 1411 1242 doctorum

351 1273 571 1369 quorumdam
593 1273 917 1366 testimoninm,·qui
941 1274 1100 1368 scriptum
1129 1272 1353 1371 reliquerunt,
1375 1304 1411 1350 se

350 1381 385 1450 in
407 1405 476 1450 uno
498 1379 610 1449 codice
634 1401 797 1447 manuscr.
820 1377 862 1446 ad
885 1375 1009 1448 calcem
1032 1377 1106 1448 libri
1128 1381 1199 1451 baec
1219 1383 1321 1453 verba
1348 1383 1410 1454 ad-

350 1487 472 1580 scripta
492 1483 672 1578 reperisse:
696 1482 943 1577 «Completnm
965 1497 1015 1554 est
1035 1511 1119 1581 opus
1145 1487 1265 1558 AEmilii
1289 1490 1410 1580 Probi,

351 1588 495 1661 Cornelii
516 1591 663 1684 Nepotis.
685 1617 703 1654 o
728 1589 812 1678 Quis
837 1613 904 1659 non
926 1589 1037 1679 videt,
1064 1592 1136 1668 haec
1156 1619 1226 1664 esse
1252 1597 1412 1691 scriptaa

335 1695 483 1766 'librario
502 1695 691 1782 haesitante,
703 1709 737 1764 et
753 1695 938 1782 dubitante,
952 1712 985 1767 et
1006 1699 1133 1767 incerto
1155 1699 1197 1770 de
1213 1700 1313 1795 hujus
1335 1701 1409 1788 libri

350 1817 504 1890 auctore,
521 1827 624 1898 quum
639 1827 715 1870 eum
736 1801 815 1871 hinc
833 1805 981 1874 Cornelii
999 1806 1164 1899 Nepotis,
1180 1807 1259 1877 hinc
1277 1809 1414 1880 AEmt'lia

349 1908 458 1980 Probi
474 1911 610 1978 nomina
627 1923 661 1976 et
682 1910 879 2004 cognomina
900 1910 1156 2004 perturbarent?

577 2145 579 2154 =
639 2113 1114 2204 ctsr.scnorP1US‚

609 2293 674 2342 uu.
703 2296 729 2340 11
757 2295 951 2344 vetustum.
980 2295 1056 2344 CAP.
1092 2298 1146 2345 10.

400 2451 499 2518 Corn.
518 2449 648 2542 Nepos,
670 2449 726 2540 qui
741 2446 826 2515 male
845 2446 946 2542 vulgo
966 2447 1114 2519 AEmilius
1132 2449 1260 2521 Probus
1274 2451 1404 2524 dicitrar.

790 2651 935 2718 IDEM
953 2704 964 2738 ,

384 2831 675 2884 nonsummum
703 2832 731 2879 11
758 2832 804 2876 DE
832 2831 1043 2879 PRUDENTIAE
1070 2834 1115 2880 ΕΤ
1141 2835 1374 2895 ELOQUENTIAE

716 2937 891 3015 Panum
918 2937 1038 2984 notus.

399 3091 604 3163 Nouissimas
624 3111 729 3156 aureae
750 3088 853 3157 aetatis
877 3087 962 3158 facio
987 3089 1202 3178 Ciceronem,
1219 3094 1405 3182 Caesarem,

348 3201 449 3272 Corn.
470 3199 654 3290 Nepotem,
668 3207 729 3262 etc.
744 3195 786 3261 ln
804 3194 943 3288 Nepotis
958 3209 1068 3264 tamen
1081 3183 1165 3266 vitas
1181 3197 1317 3267 dubium
1334 3223 1404 3268 non

346 3320 396 3375 est
409 3301 565 3371 nonnulla
579 3300 814 3396 posterioribus
829 3300 952 3376 seculis
964 3303 1129 3397 irrepsisse
1143 3303 1186 3372 ab
1198 3305 1259 3372 aevi
1270 3307 1405 3400 Augus-

346 3413 391 3480 tei
412 3409 711 3490 auroremotiora,
731 3403 871 3494 AEmilii,
894 3407 1011 3496 credo,
1039 3407 1139 3477 Probi
1161 3434 1283 3504 opera,
1310 3413 1406 3506 cnjus

348 3541 468 3588 nomen
481 3513 591 3586 multis
605 3511 729 3584 seculis
741 3511 867 3583 libellus
880 3514 1018 3609 Nepotis
1034 3516 1261 3610 praescriptum
1278 3517 1403 3589 habuit

709 3705 1035 3793 Jo.savan0‚

376 3894 415 3942 ru
437 3893 543 3940 aner.
568 3891 616 3937 an
638 3888 716 3937 nor.
740 3886 824 3934 snas
846 3887 884 3933 m
906 3863 1023 3936 AEaut.
1050 3867 1202 3939 Pnonurr
1223 3893 1270 3938 nr
1292 3893 1378 3940 vrri

737 3992 879 4040 exeant.
910 3994 1009 4041 rure.

395 4149 494 4217 Hunc
505 4145 626 4215 librum
639 4147 737 4217 com.
752 4147 884 4242 Nepoti
893 4147 1010 4216 asserit
1020 4146 1090 4242 ipsa
1101 4145 1251 4242 prefatio
1265 4172 1274 4217 e
1291 4176 1309 4214 e
1323 4149 1402 4218 Non
