3162 5118
591 498 728 566 VITA.
1135 521 1183 568 xv

120 650 193 742 ejus
213 647 256 715 ad
271 649 468 716 Ciceronem
482 645 633 740 quadam
650 647 839 716 Lactantius
855 645 972 734 allent,
989 645 1042 716 lib.
1058 647 1110 716 ΙΙΙ
1123 650 1183 717 ln-

121 757 226 822 stitut
247 754 396 822 Divinar.
415 777 484 847 cap.
513 747 568 822 15.
591 752 879 842 Quemadmodum
900 767 933 822 ct
954 755 1123 824 Ciceronis
1142 743 1183 822 ad

120 862 291 954 Nepotem
310 858 455 954 epistolae
473 860 621 927 meminit
641 858 849 952 Tranquillus
863 862 895 927 in
907 859 1014 949 Julio,
1031 885 1103 955 cap.
1118 857 1184 948 55,

121 967 319 1034 Ammianus
340 963 569 1053 Marcellinus,
581 967 672 1034 initio
691 963 764 1034 libri
778 967 913 1052 XXVI,
927 990 965 1034 ac
982 968 1184 1053 Priscianus,

122 1071 176 1140 lib.
200 1073 300 1140 VIII.
326 1074 400 1140 Imo
429 1085 462 1139 et
490 1069 670 1140 secundum
704 1073 873 1140 Ciceronis
905 1071 1114 1166 epistolarum
1141 1071 1182 1142 li-

125 1178 221 1246 brum
236 1176 281 1245 ad
294 1179 459 1271 Nepotem
473 1177 662 1246 Macrobius
681 1179 759 1246 citat
771 1230 781 1264 ,
793 1175 814 1244 l.
830 1179 865 1246 II
882 1177 1042 1246 Saturnal.
1057 1204 1129 1274 cap.
1153 1204 1183 1250 1·

130 1282 225 1372 Quod
250 1284 276 1352 si
299 1284 371 1377 quis
391 1282 573 1376 fragmenta
597 1284 708 1362 omnia
725 1284 863 1377 Nepotis
887 1281 1067 1372 desideret,
1089 1284 1185 1379 longe

129 1391 162 1457 iis
176 1387 373 1483 colligendis
393 1389 540 1482 priorum
553 1389 633 1457 vicit
650 1387 843 1457 industriam
857 1387 1004 1458 Andreas
1018 1390 1184 1460 Schottus.

84 1515 86 1518 ·
130 1493 325 1564 Hermolaus
353 1493 535 1578 Barbarus,
559 1495 825 1589 castigationibus
846 1495 879 1562 in
901 1493 997 1564 Plinii
1020 1494 1073 1564 lib.
1096 1499 1183 1586 XV,

129 1625 194 1695 cap.
222 1603 291 1686 ad,
307 1614 436 1686 censet,
453 1598 597 1668 libellum
614 1599 655 1668 de
676 1601 766 1668 Viris
784 1598 981 1688 illustribus,
1002 1602 1058 1694 qui
1079 1601 1185 1673 Plinio

127 1708 226 1774 tribui
249 1704 351 1792 solet,
362 1703 517 1774 Cornelii
534 1707 674 1800 Nepotis
697 1729 783 1794 esse,
801 1705 889 1774 haud
907 1705 1019 1792 Plinii3
1037 1722 1135 1802 atque
1152 1711 1183 1779 id

127 1811 296 1880 veteribus
315 1810 411 1880 codd.
435 1811 559 1880 adstrui
582 1835 678 1906 posse
695 1825 866 1880 asseverat.
889 1813 997 1879 Etiam
1018 1815 1091 1881 Iani
1115 1816 1185 1886 haec

126 1919 294 1986 Parrhasii
313 1919 474 1986 sententia
492 1916 562 1985 fuit.
586 1918 702 1986 Utrius
723 1919 781 2004 sit,
802 1917 944 1985 dubitem
966 1919 1010 1985 ait
1029 1921 1185 2010 Vinctus,

125 2049 189 2093 nec
212 2047 252 2092 ea
273 2022 314 2092 de
336 2048 371 2092 re
396 2037 538 2092 statuere
559 2022 736 2116 quidquam
766 2047 863 2092 ausus
887 2037 944 2092 est.
973 2026 1046 2092 Imo
1069 2025 1186 2119 aliqui,

127 2145 183 2197 aut
207 2131 423 2216 Suetonium,
443 2144 501 2196 aut
520 2130 687 2215 Tacitum,
706 2153 775 2197 esse
796 2142 986 2216 auctorem,
1005 2144 1185 2223 putarunt:

127 2249 163 2302 ut
184 2234 312 2303 indicat
328 2233 510 2328 Gyraldus,
531 2232 722 2328 dialogismo
736 2237 862 2302 XXVI.
875 2233 940 2302 Sed
958 2237 1092 2304 omnino
1112 2253 1187 2307 sunt

127 2343 214 2409 Sexti
237 2339 363 2409 Aurelii
387 2341 553 2428 Victoris,
578 2354 616 2407 ut
635 2341 712 2408 satis
735 2365 823 2407 nunc
842 2354 969 2408 constat
988 2365 1028 2408 ex
1047 2342 1187 2412 editione

128 2446 269 2515 Andreae
291 2447 427 2514 Schotti.
453 2449 531 2515 Non
553 2444 667 2513 dubito
693 2447 839 2531 interim,
864 2447 941 2538 quin
967 2443 1121 2541 pleraque
1147 2475 1187 2517 ex

127 2555 259 2646 Nepote
278 2553 396 2620 Victor
409 2551 636 2644 desumpserit.
658 2551 745 2620 Nam
763 2550 852 2643 quod
869 2551 1058 2622 Ludovicus
1070 2556 1187 2645 Vives,

129 2656 183 2726 lib.
199 2661 234 2726 V
256 2657 299 2726 de
322 2657 486 2726 tradendis
507 2654 702 2750 disciplinis,
721 2657 902 2749 Nepotem,
921 2659 983 2744 ait,
1001 2658 1042 2726 de
1065 2661 1188 2732 Graecis

131 2762 237 2831 solum
259 2762 401 2832 ducibus
423 2763 607 2857 scripsisse,
622 2761 654 2828 id
666 2762 743 2830 satis
757 2760 915 2829 refellitur
930 2762 1037 2830 verbis
1051 2761 1188 2858 Nepotis

130 2885 227 2937 antea
253 2868 414 2939 adductis.
440 2871 502 2938 Vir
525 2869 749 2953 doctissimus,
776 2870 826 2935 Io.
854 2869 962 2935 Maria
991 2869 1189 2958 Catanaus,

131 2977 372 3044 commentario
402 2977 434 3041 in
458 2973 551 3043 Plinii
579 2972 699 3042 librum
718 2975 786 3060 IV,
806 2970 932 3066 epistol.
964 2973 1031 3061 28,
1056 2999 1128 3069 quae
1146 2977 1189 3045 ad

131 3083 293 3149 Severum
316 3082 437 3174 scripta
458 3093 521 3166 est,
539 3080 636 3148 etiam
655 3081 812 3146 Daretem
827 3079 1039 3174 Phrygiuma
1058 3083 1189 3175 Nepote

132 3186 330 3255 translatum
357 3185 542 3254 arbitratur.
564 3185 693 3278 Nempe
715 3185 843 3278 decepit
861 3209 936 3253 eum
961 3184 1104 3281 vulgaris
1127 3191 1189 3256 ἐπι-

133 3296 242 3385 γραφή.
255 3295 411 3360 Attamen
430 3305 462 3359 et
480 3290 534 3360 hic
546 3315 630 3384 aqua
645 3289 747 3358 haeret
757 3291 898 3378 Vineto,
914 3292 999 3360 notis
1018 3294 1051 3359 in
1065 3295 1187 3370 Auson.

131 3397 225 3491 Idyll.
248 3399 326 3466 VII.
347 3401 456 3492 Negat
475 3420 562 3480 esse,
581 3397 636 3489 qui
650 3397 731 3463 certi
748 3392 868 3488 aliquid
886 3396 927 3465 de
942 3397 1112 3466 tralatione
1126 3399 1188 3468 hae

133 3507 219 3572 ausit
230 3503 408 3572 affirmare.
424 3503 521 3595 Atqui
533 3525 663 3584 omnes,
678 3501 794 3595 quibus
805 3498 908 3570 ullum
925 3503 959 3570 in
973 3503 1061 3572 hisce
1075 3502 1190 3574 litteris

131 3609 293 3701 judicium
311 3625 377 3696 est,
391 3611 467 3678 satis
480 3607 611 3693 vident,
629 3631 689 3674 nec
703 3608 861 3674 Daretem
879 3605 971 3676 illum
990 3632 1059 3676 esse
1076 3613 1188 3704 genui·

135 3739 232 3800 num,
248 3741 311 3785 nec
329 3715 506 3784 dictionem
525 3714 595 3806 ejus
613 3715 812 3806 Augusteum
831 3737 944 3807 sapere
965 3728 1114 3804 aetatem,
1133 3716 1190 3784 sed

136 3825 352 3891 recentiorem
370 3819 483 3888 multo.
503 3821 669 3912 Nepotem
683 3832 791 3887 autem
805 3820 942 3887 Caesaris
967 3821 1102 3912 Augusti
1120 3821 1190 3890 obi·

136 3929 197 3996 isse
219 3951 309 4015 aevo,
328 3925 450 3997 Plinius
471 3939 627 4011 testatur,
648 3923 703 3992 lib.
719 3926 790 4009 IX,
810 3947 883 4017 cap.
907 3921 966 4019 39.
994 3927 1101 4018 Atque
1126 3928 1190 3998 boc

136 4032 274 4102 fortasse
292 4030 424 4128 impulit
443 4031 712 4116 Genebrardum,
729 4045 767 4097 ut
779 4043 925 4122 putaret,
942 4053 1017 4098 eum
1032 4045 1109 4100 nato
1121 4034 1190 4126 jam

138 4139 270 4208 Christo
289 4139 500 4234 superstitem
521 4137 641 4208 fuisse:
663 4137 718 4228 qui
737 4149 771 4203 et
788 4135 947 4203 Iacobum
966 4134 1192 4228 Gualterium,
