3282 5156
246 717 685 857 excursus
720 711 1169 856 vinioaun

620 1019 747 1087 'AD

208 1381 210 1388 y
303 1250 731 1343 CORNELIUM
764 1249 1122 1342 NEPOTEM.

408 1519 1015 1557 u—-Qo-——m--oea

152 1787 157 1796 ·
183 1696 359 1814 Acutae
380 1735 481 1806 ducet
491 1737 520 1804 J.
540 1735 582 1802 Η.
596 1731 765 1828 Schlegel,
778 1733 872 1826 cujus
890 1757 930 1800 ex
946 1729 1244 1828 Obsewattom‘dus

182 1849 307 1916 criticis
321 1857 354 1912 et
372 1843 538 1912 historicas
557 1845 593 1909 in
613 1841 801 1926 Cornelium
823 1840 991 1935 Nepotem
1009 1837 1167 1909 nonnulla
1182 1865 1243 1909 ex-

183 1943 453 2046 cerpemu's,quae
470 1945 520 2016 vel
532 1960 688 2016 notarum
699 1960 887 2016 nostrarum
903 1941 1057 2013 modulus
1074 1970 1141 2013 non
1153 1944 1243 2032 tulit,

183 2056 235 2127 vel
252 2079 364 2126 rerum
382 2055 511 2123 novitas
528 2052 693 2121 interdum
708 2053 819 2146 potius
832 2049 1059 2137 commendat,
1075 2075 1174 2143 quam
1190 2077 1243 2120 ve·

184 2165 283 2250 ritas3
308 2162 535 2256 principioque
552 2160 654 2226 vitam
677 2159 777 2252 ipsius
795 2157 948 2250 Nepotis,
972 2155 1029 2223 ubi
1051 2180 1119 2223 non
1142 2155 1241 2226 semel

184 2269 341 2340 Vossium
356 2265 498 2360 explicat
517 2277 575 2332 aut
588 2261 715 2332 refellit
729 2261 853 2332 Prodiit
871 2260 952 2330 liber
965 2262 1021 2330 vix
1042 2274 1140 2330 notus
1152 2262 1242 2356 apud

185 2399 263 2461 nos,
280 2387 397 2466 quarto
417 2371 541 2458 forma,
559 2367 714 2455 Hivniae,
738 2368 833 2463 1778
846 2393 856 2454 ;
869 2366 910 2435 de
924 2389 990 2460 quo
1001 2368 1029 2434 J.
1049 2368 1086 2434 A.
1103 2367 1242 2436 Fabricii

185 2480 300 2549 notitia
318 2477 473 2546 litteraria
488 2472 697 2568 consulenda.
713 2475 793 2542 Post
810 2471 984 2558 addemus,
1001 2495 1067 2564 quo
1087 2474 1243 2566 pauciora

183 2586 239 2654 hic
253 2583 494 2670 desiderentur,
508 2579 643 2651 selectas
654 2569 779 2674 aliquot
792 2579 894 2665 Bosii,
903 2579 945 2646 V.
956 2579 1131 2674 Staveren,
1144 2592 1241 2673 atque

184 2691 324 2761 aliorum
337 2687 637 2759 animadversiones
646 2711 687 2754 ex
697 2687 755 2773 iis,
769 2709 842 2780 quae
855 2683 1052 2752 videbantur
1067 2707 1241 2752 excurrere

185 2797 271 2867 ultra
290 2797 372 2866 fines
389 2796 468 2890 justi
487 2793 723 2863 commentarii.
745 2792 866 2884 Incipit
885 2783 1044 2885 Schlegels

332 3028 361 3092 I.
389 3025 444 3092 De
466 3022 613 3093 Cornelii
629 3023 775 3114 Nepotu
793 3024 869 3088 oica
890 3033 927 3086 et
944 3021 1087 3112 scriptia

225 3257 334 3309 Constat
345 3256 414 3310 inter
426 3275 532 3322 omnes,
553 3257 633 3310 laicae
648 3255 783 3308 Corneliam
798 3253 913 3324 Nepotem
927 3251 1082 3306 familiarem
1095 3251 1194 3322 pariter
1209 3253 1241 3306 C.

186 3334 287 3386 Valerii
297 3335 393 3388 catulli
403 3346 431 3387 et
443 3336 475 3388 T.
484 3335 624 3406 Pomponii
632 3334 728 3398 Attici,
743 3334 831 3406 itaque
842 3345 869 3387 et
881 3344 942 3386 aute
960 3331 1070 3386 Cetaria
1083 3329 1241 3385 dictaturam

187 3425 213 3466 et
223 3414 273 3466 sub
283 3414 393 3483 Augoati
406 3414 556 3485 principatu
569 3413 722 3478 florentem
735 3414 815 3467 luiaae
824 3425 959 3466 auctorem
970 3411 1149 3484 complurium
1158 3413 1242 3464 libro·

185 3510 246 3547 rum
259 3493 314 3544 aive
324 3491 357 3544 ad
366 3491 512 3558 historiam,
524 3493 578 3546 sive
585 3491 620 3545 ad
628 3493 824 3564 geographiam,
830 3492 885 3546 aive
896 3489 929 3545 ad
939 3509 995 3544 rem
1004 3491 1158 3553 litterariam
1165 3509 1239 3562 epec-

184 3573 297 3626 tantiam
306 3589 314 3636 ς
327 3583 353 3623 et
368 3584 466 3624 tantam
479 3573 558 3626 lniaae
569 3575 624 3644 ejus
636 3572 831 3638 auctoritatem,
847 3584 877 3624 ut
887 3571 943 3644 ipae
957 3571 1041 3625 Cicero
1049 3589 1104 3622 uon
1113 3567 1242 3624 dubitarit

187 3655 242 3724 ejua
254 3649 289 3704 de
304 3651 358 3704 auis
370 3652 475 3722 scriptia
486 3650 615 3724 judicium
628 3664 765 3722 expetere,
779 3665 806 3705 et
819 3665 851 3704 ut
865 3651 1013 3723 complures
1027 3649 1179 3720 posterioria
1191 3649 1240 3701 evi

185 3733 326 3802 acriptcree
342 3735 398 3800 ejus
420 3731 571 3784 testimonio
590 3731 744 3784 innitantur.
766 3729 818 3784 Sed
833 3729 867 3783 de
882 3731 937 3783 vita
955 3731 1011 3801 ejus
1022 3747 1117 3800 param
1129 3739 1238 3780 constat.

186 3811 298 3883 Collegit
310 3811 453 3878 nonnulla,
466 3830 525 3882 quaa
539 3809 605 3864 varii
615 3823 733 3864 auctores
745 3811 958 3873 auhminiatrant,
972 3809 1103 3869 Dt'onro'm
1112 3806 1241 3860 tanton

184 3891 212 3943 in
222 3890 375 3962 prefatione
387 3889 421 3943 ad
429 3888 574 3944 editionem
587 3907 673 3956 auam,
682 3903 709 3942 et
719 3904 780 3962 poet
796 3907 857 3944 eona
868 3887 1008 3942 Geram-das
1019 3887 1123 3938 loannes
1141 3886 1241 3938 Vossim

184 3971 213 4022 in
228 3971 297 4023 libro
311 3969 341 4022 de
359 3971 488 4023 Histoi-icis
502 3971 603 4022 mnis.
634 3969 731 4022 Italum
750 3969 830 4024 fuisse
848 3968 876 4020 in
895 3967 1002 4038 regione
1016 3963 1121 4018 Pedana
1134 3979 1239 4030 natum,

183 4048 266 4119 liquet
283 4067 315 4104 ex
339 4063 452 4122 atroque
473 4051 564 4102 Panto.
594 4049 746 4102 Avunculua
764 4049 835 4102 enim
857 4045 1010 4101 Cornelium
1033 4045 1152 4098 nominat
1173 4043 1239 4100 Padi

183 4129 314 4194 accolam
336 4132 431 4183 Plinius
452 4131 543 4201 junior
571 4127 641 4182 idem
662 4129 777 4182 inaiuuat
796 4129 826 4182 iu
846 4125 957 4194 epistola
978 4143 1024 4180 aua
1041 4122 1075 4178 ad
1093 4123 1238 4189 Severum„
