3200 5120
1173 419 1179 454 l

352 547 418 600 vm
615 563 622 578 ·
737 527 998 598 EDITORIS

352 689 460 758 vexati
471 712 512 774 ,a
526 688 691 757 veteribus
699 690 819 757 nostris
828 686 1032 758 bibliothecae
1041 687 1228 756 Parisiensis
1240 683 1405 756 codicibus

352 819 554 923 (praesertim
575 853 607 896 n.
634 823 749 922 5857,
771 825 873 912 6143
885 821 915 917 ),
934 824 986 895 vel
1000 827 1042 895 ab
1056 825 1188 920 optimis
1208 827 1405 896 Batavorum

353 971 661 1062 Germanorumque
679 965 807 1062 scriptis
825 981 883 1036 aut
902 967 995 1036 editis
1009 961 1113 1054 libris,
1128 963 1285 1036 auxilium
1302 981 1336 1034 et
1356 965 1404 1034 lu·

352 1131 425 1177 cem
444 1119 568 1176 attenta
582 1109 825 1202 comparatione
843 1107 983 1175 mutuati
1003 1131 1126 1174 sumus.

405 1263 523 1333 Varias
546 1287 625 1333 vero
644 1261 814 1352 lectiones,
836 1265 958 1358 quippe
979 1287 1052 1357 quac
1072 1261 1147 1332 soloe
1161 1261 1287 1354 justum
1309 1257 1405 1330 volu·

353 1427 430 1476 mon
447 1405 583 1500 implere
604 1418 756 1500 possent,
780 1405 948 1473 universas
972 1403 1069 1472 edere
1092 1427 1194 1498 quum
1220 1427 1320 1498 penes
1345 1425 1405 1472 nos

354 1542 421 1615 noir
443 1555 541 1631 esset,
556 1545 653 1613 certis
672 1545 792 1614 linibus
804 1545 1083 1640 circumscriptos,
1099 1567 1154 1613 eas
1172 1559 1298 1612 tantum
1315 1541 1405 1612 dele·

354 1689 460 1785 gimus
481 1687 746 1756 annotationibus
763 1687 1049 1776 intermiscendas,
1062 1709 1143 1782 quas
1160 1688 1328 1756 sententiaa
1340 1688 1407 1772 vis,

353 1829 571 1922 antiquitasve
590 1825 664 1896 libri
686 1827 959 1916 commendabat3
978 1826 1184 1922 usqueadeo
1205 1827 1404 1912 scribarum,

353 1967 422 2034 sive
435 1989 611 2060 operarum
623 1961 788 2034 erroribus
798 1965 876 2036 hinc
885 1966 959 2034 inde
971 1964 1160 2062 colligendis
1169 1965 1403 2035 insudavimus.

405 2122 561 2194 Delectus
577 2145 707 2219 quoque
722 2119 893 2193 habendus
912 2119 974 2192 fuit
988 2124 1022 2190 in
1040 2124 1295 2192 commentario·
1308 2120 1406 2191 Multi

353 2267 440 2334 enim
461 2260 652 2360 explicanda
673 2275 888 2361 praetereunt,
905 2265 938 2332 in
956 2266 1166 2358 supervacuis
1177 2266 1403 2336 immorantur.

285 2385 296 2400 ⁰
352 2409 444 2475 Dum
472 2403 632 2474 elementa
656 2415 690 2484 et
713 2403 852 2499 syllabas
874 2406 1076 2493 examinant,
1101 2430 1206 2475 annus
1234 2417 1292 2475 est.
1320 2407 1407 2492 Nos,

354 2547 534 2640 perspicuas
557 2545 725 2614 brevitatis
747 2545 899 2636 studiosi,
922 2548 1053 2642 optimis
1073 2548 1249 2616 Variorum
1271 2546 1356 2614 notis
1375 2559 1408 2614 et

353 2686 492 2773 criticis,
510 2700 560 2776 et,
577 2710 650 2779 quae
671 2680 765 2754 valde
783 2701 955 2780 prestant,
976 2686 1160 2774 historicis,
1180 2707 1282 2753 novas
1295 2683 1405 2779 plures

354 2824 546 2896 addidimus.
566 2834 674 2920 Atque
691 2824 745 2894 hic
769 2823 933 2918 piaculum
953 2839 1036 2892 esset
1056 2847 1123 2891 uon
1147 2817 1259 2908 fateri,
1282 2838 1406 2917 quanto

353 2966 449 3035 nobis
476 2965 666 3058 adjumento
695 2962 817 3033 fuerim
845 2963 985 3032 editores
1014 2962 1151 3057 Nepotis
1183 2965 1407 3052 recentiores,

354 3107 383 3172 J.
421 3102 509 3172 Frid.
535 3102 694 3190 Fischer,
717 3103 779 3172 Th.
805 3103 885 3172 Chr.
918 3100 1075 3188 Harless,
1103 3103 1155 3172 Fr.
1192 3103 1408 3192 Schmieder,

354 3247 390 3311 F.
404 3245 444 3312 R.
456 3241 617 3329 Ricklefs,
632 3242 711 3312 Chr.
722 3243 762 3310 Η.
777 3241 923 3332 Pauller,
936 3257 1033 3337 atque
1045 3244 1078 3310 in
1090 3244 1203 3338 primis
1214 3237 1266 3312 vir
1280 3242 1407 3314 dillusae

355 3383 512 3453 doctrinas
526 3381 658 3477 plenus,
669 3396 703 3453 et
714 3408 823 3453 rerum
838 3387 1124 3479 grammaticarum
1137 3383 1407 3472 studiosissimus,

355 3525 431 3592 Car.
454 3525 555 3592 Henr.
571 3523 779 3611 Tzschucke,
795 3526 848 3594 cui
866 3539 1025 3618 quantum
1045 3521 1220 3594 debeamus
1239 3525 1308 3620 ipse
1325 3525 1408 3594 liber

356 3665 455 3736 fidem
482 3662 587 3734 faciet.
613 3666 737 3734 Paucas
764 3667 862 3734 etiam
888 3641 976 3737 Guil.
1005 3669 1106 3736 Henr.
1137 3664 1259 3734 Bardili
1285 3679 1408 3752 notas,

356 3829 458 3898 quum
473 3805 663 3873 Staveriana
677 3803 777 3872 editio
794 3827 813 3872 a
832 3807 874 3874 V.
892 3806 932 3872 C.
946 3806 1127 3899 recognita,
1141 3830 1240 3899 opere
1258 3803 1321 3872 hoc
1340 3801 1408 3870 fere

358 3943 525 4034 absoluto,
538 3943 733 4041 Stutgardiae
744 3943 932 4040 prodiisset,
941 3947 1026 4014 inter
1037 3948 1201 4016 Excursus
1213 3943 1256 4012 ad
1270 3940 1407 4011 volumi·

358 4083 408 4152 nis
429 4083 528 4154 linem
546 4086 725 4180 rejecimus.
743 4086 854 4175 Quin,
871 4087 986 4180 priscae
1004 4086 1193 4159 eruditionis
1213 4097 1406 4180 apparatum
