3200 5130
544 512 842 584 LYSANDER.
1175 517 1224 590 63

163 648 222 733 sit,
235 644 324 714 latet
338 644 418 713 Non
431 642 518 713 enim
531 645 655 714 virtute
665 647 716 715 sui
727 647 907 733 exercitus,
925 645 984 715 sed
1000 637 1226 719 immodestia³

164 749 618 822 factumestadversariorum
631 777 640 837 3
654 754 727 847 qui,
742 750 832 845 quod
839 752 929 821 dicto
940 752 1110 824 audientes
1121 756 1224 851 impe·

162 857 328 928 ratoribus
338 857 405 926 suis
414 881 481 926 non
494 872 604 946 erant,
619 856 770 954 dispalati
780 858 815 926 in
824 859 926 952 agris,
941 858 1061 930 relictis
1070 861 1228 950 navibus,

162 965 198 1032 in
217 963 364 1033 hostium
388 977 551 1032 venerunt
575 978 780 1059 potestatem.
802 966 881 1053 Quo
902 964 991 1034 iacto
1009 966 1226 1038 Athenienses

164 1069 464 1140 solacedaemoniis
471 1069 675 1139 dediderunt.
691 1074 763 1140 Hac
771 1071 910 1138 victoria
920 1071 1092 1165 Lysander
1104 1072 1226 1160 elatus,

163 1201 267 1271 quum
282 1190 379 1245 antea
393 1199 525 1270 semper
537 1176 693 1246 factiosus
706 1175 878 1269 audaxque
894 1175 1023 1265 suisset,
1040 1179 1086 1246 sie
1103 1179 1164 1247 sihi
1177 1181 1226 1248 in-

164 1269 294 1370 dulsit⁴,
311 1297 350 1351 ut
356 1281 426 1376 ejus
440 1305 541 1376 opera
556 1283 590 1350 in
601 1284 782 1352 maximum
797 1281 910 1349 odium
922 1284 1059 1352 Graeciae
1073 1284 1226 1354 Laceda-

164 1389 267 1459 monii
281 1388 502 1483 pervenerint
516 1389 604 1457 Nam
616 1413 720 1483 quum
734 1388 821 1457 hanc
836 1411 969 1458 cauam
986 1389 1228 1459 Lacedaemonii

163 1495 368 1564 dictitassent
388 1493 451 1562 sihi
464 1518 534 1562 esse
549 1493 641 1582 belli,
659 1508 698 1563 ut
716 1494 968 1563 Atheniensium
990 1481 1227 1590 impotentem⁵

163 1599 424 1670 dominationem
439 1599 679 1694 refringerent;
693 1613 867 1694 postquam
884 1597 974 1693 apud
989 1602 1090 1695 AEgos
1103 1601 1227 1672 flumen

163 1707 335 1802 Lysander
355 1705 466 1776 classis
487 1705 635 1775 hostium
658 1721 708 1774 est
726 1708 868 1801 potitus,
885 1705 966 1774 nihil
986 1705 1074 1776 aliud
1095 1708 1227 1778 molitus

162 1829 237 1902 est,
262 1837 362 1908 quam
389 1825 428 1881 ut
448 1835 563 1882 omnes
585 1814 734 1882 civitates
755 1813 789 1881 in
813 1836 873 1882 sua
895 1827 1023 1883 teneret
1045 1828 1227 1908 potestate,

162 2039 203 2050 -
222 2007 302 2060 lates.
325 2007 366 2060 Ita
384 2007 484 2060 habent
503 2018 571 2060 nost.
592 2005 671 2061 codd.
716 2008 819 2060 hostium
839 1989 956 2060 semiruti
966 2020 1117 2079 potestatem.
1138 2009 1228 2081 Isnpe·

162 2087 244 2157 regii,
265 2075 297 2138 n⁰
321 2087 413 2152 58¹6,
431 2087 507 2157 ⁵837
520 2125 528 2154 ,
542 2099 569 2140 et
584 2087 671 2152 6143.
716 2100 836 2141 ratorum
859 2087 1037 2158 negligentia,
1059 2107 1113 2141 non
1134 2087 1228 2142 immo·

164 2165 225 2218 Non
234 2184 302 2238 opus
309 2178 348 2219 est
357 2166 505 2239 igiturcum
514 2165 673 2237 quibusdam
716 2165 799 2220 destia
818 2167 955 2229 militum,
976 2167 1028 2220 hoc
1051 2167 1168 2221 uenisse
1190 2170 1226 2220 ait

163 2243 305 2298 emendare
318 2257 402 2316 patet,
415 2245 457 2298 vel
472 2265 521 2298 soa
544 2247 619 2312 lates,
631 2247 673 2299 sel
715 2243 845 2300 Aristides
857 2246 988 2318 sophista,
1003 2254 1139 2318 Διυκτρικῷ
1151 2249 1226 2319 λόγῳ.

163 2325 224 2377 latet
237 2329 360 2380 semmaa.
376 2325 472 2380 Senam
486 2338 525 2379 eat
539 2343 546 2378 :
560 2343 602 2378 res
617 2325 674 2397 ipsa
716 2325 847 2379 Nonnulli
863 2326 915 2380 hoc
929 2327 1052 2380 tribuunt
1063 2325 1226 2397 proditioni,

164 2418 290 2478 apparet,
313 2405 352 2457 rei
371 2405 472 2460 effectas
487 2403 582 2457 modus
601 2405 672 2458 latet.
716 2423 768 2476 qua
783 2403 891 2476 Tydeus
907 2417 933 2458 et
952 2403 1129 2468 Adimantus,
1144 2425 1158 2458 a
1174 2407 1226 2478 Ly·

163 2483 264 2538 Similis
294 2485 367 2538 locus
394 2495 464 2540 extat
487 2484 514 2536 in
538 2485 672 2550 Datame,
716 2481 813 2536 sondro
846 2485 990 2556 corrupti,
1023 2480 1225 2538 Atheniensium

162 2581 187 2618 c.
207 2564 333 2630 s‚init.:
354 2589 365 2612 ι
389 2557 510 2631 Qhorm
533 2563 585 2616 nisi
604 2564 673 2618 ratio
716 2563 823 2616 classem
848 2563 877 2616 in
907 2562 1039 2634 Lysandri
1068 2577 1225 2635 potestatem

163 2643 294 2716 explicata
309 2643 407 2711 inerit,
421 2663 463 2700 res
478 2661 605 2716 apparere
617 2661 673 2698 non
716 2641 855 2696 tradidisse
888 2643 1071 2714 perhibentur.
1101 2645 1224 2698 Attamen

163 2735 300 2794 poterunt.
326 2748 338 2769 ι
368 2725 434 2790 Qua
461 2723 561 2778 scilicet
590 2723 674 2796 expli·
716 2721 888 2776 Athenienses
898 2721 1030 2793 Lysandri
1038 2721 1226 2794 praecipuedo·

165 2803 234 2858 catio
252 2821 285 2856 so
300 2803 465 2874 probabilior
480 2821 535 2856 ease
550 2800 674 2868 videtur,
715 2801 743 2854 lo
763 2800 888 2872 prudenti
910 2800 1014 2874 decepti
1042 2802 1134 2868 luere,
1156 2815 1188 2855 ut
1209 2822 1224 2854 e

164 2881 238 2954 qnod
254 2883 299 2935 alii
320 2882 451 2949 fortunae,
467 2882 510 2936 alii
526 2881 674 2956 proditioni
717 2881 869 2946 Plutarcho,
880 2882 907 2934 in
919 2879 1052 2954 Lysandri
1059 2882 1124 2947 vita,
1132 2882 1223 2954 liquet.

163 2962 238 3016 illam
253 2962 395 3017 ethanim
407 2963 567 3016 felicitatem.
716 2959 793 3016 Adde
808 2961 987 3027 Frontin.11,
1006 2981 1039 3024 r,
1060 2965 1105 3016 rs.

206 3042 402 3096 &inmodestia
414 3042 568 3114 Disciplina
576 3042 674 3097 milita·
758 3047 785 3106 4.
806 3040 849 3095 Sic
866 3041 913 3095 sibi
925 3041 1032 3095 indsslsis.
1047 3040 1091 3094 Sic
1107 3040 1150 3094 bis
1166 3061 1226 3114 pes·

164 3121 202 3174 ris
214 3123 346 3192 neglectu.
360 3123 399 3176 Ut
413 3122 440 3175 in
452 3119 674 3189 Alcibiadvlll,
716 3123 790 3178 simis
805 3122 924 3189 artibus,
940 3119 1056 3176 audacia
1074 3121 1175 3175 scilicet
1195 3141 1225 3175 ac

164 3213 191 3253 et
209 3202 308 3272 passim
319 3201 391 3274 apud
402 3203 532 3256 Taciturn.
548 3203 675 3254 -Dicto
717 3201 862 3256 lactionum
877 3201 976 3267 furori,
991 3200 1088 3273 paruit.
1105 3231 1145 3244 -
1160 3203 1225 3273 Ejus

165 3281 296 3334 audientes.
305 3280 475 3336 Obedientes.
485 3279 589 3335 Videin
599 3282 674 3354 lphi-
717 3302 797 3354 opere.
811 3281 925 3353 Propter
937 3299 1008 3334 euru.

164 3373 253 3426 crate,
274 3362 311 3414 11.
327 3361 423 3414 Arsds're
440 3363 514 3414 aldai
527 3361 606 3422 dicto,
623 3380 674 3434 pro
759 3363 785 3415 5.
813 3362 973 3432 Impressas.
993 3360 1164 3414 Ell‘renatasn.
1186 3393 1226 3404 --
1249 3417 1251 3430 Ι

161 3459 250 3511 perere
261 3441 336 3494 alicui
348 3441 413 3494 dicto
423 3441 541 3513 ponitur.
551 3443 591 3494 Ita
600 3441 675 3512 galli·
718 3441 810 3511 AEgos.
826 3438 870 3494 Sic
881 3438 1010 3494 Alcibiad.
1019 3440 1103 3506 vnn
1116 3441 1225 3506 Conon,

164 3520 448 3594 ce,ode'irdque1qu'ua
459 3521 606 3574 aumoindre
617 3532 674 3574 mot.
717 3521 741 3574 1.
761 3519 900 3574 Genitirna
915 3533 1004 3574 autem
1023 3537 1096 3573 cesus
1117 3521 1151 3572 ah
1170 3521 1226 3572 AEa

167 3597 299 3671 Equidem
319 3601 384 3654 datto
408 3601 551 3655 ablativum
572 3619 674 3654 oenseo.
718 3599 1053 3671 nominativo‚aii,cspra.
1066 3599 1225 3652 Nontsrnen

167 3710 206 3722 -
223 3679 415 3750 inperatoribus·
437 3679 568 3734 Alcibiadi
582 3681 676 3752 prasci·
718 3679 836 3746 flumen,
851 3681 915 3734 urba
929 3698 994 3732 vero
1014 3679 1051 3732 sic
1064 3677 1226 3732 nominatur.

166 3777 228 3830 pue.
243 3758 314 3812 Vide
326 3761 354 3814 in
369 3763 425 3832 ejus
447 3761 517 3828 vita,
534 3761 612 3814 vlu.
635 3792 676 3804 --
719 3759 868 3832 Stephanus
881 3778 888 3812 :
904 3760 979 3829 Αἰγὸς
990 3759 1099 3828 serapti
1111 3759 1187 3820 ,πόλις
1202 3760 1225 3810 is

167 3839 301 3910 nepaes.
324 3841 385 3893 vox
410 3841 498 3893 mun
525 3851 675 3911 nupta,
718 3829 890 3908 essentne.
912 3836 983 3890 viae
1007 3837 1077 3889 etin.
1101 3837 1146 3901 11,
1170 3837 1226 3902 sa;

165 3919 254 3988 aptius
277 3919 433 3990 dispalasses.
457 3918 501 3972 Sic
522 3937 613 3972 narsus
637 3931 674 3972 ta·
720 3919 777 3984 tv,
795 3935 845 3982 ης
861 3917 948 3979 Mela,
965 3918 1007 3978 11,
1028 3934 1053 3968 a.
1075 3945 1116 3958 -·
1136 3915 1228 3968 Classis

166 4015 229 4050 men
244 3999 274 4050 in
288 3999 447 4052 Annibale.
460 4000 501 4063 V;
515 4011 541 4051 et
553 3998 676 4064 Sisenna,
720 3998 822 4052 Amnum
843 4007 879 4048 est
894 4000 995 4067 potitam
1017 3995 1085 4048 Cum
1110 3995 1228 4066 genitivo

165 4075 238 4146 apud
246 4077 378 4132 Nonium:
390 4104 401 4127 ι
411 4077 676 4150 Dispalstiabsignis,
722 4078 835 4150 optimos
855 4074 926 4149 apud
941 4088 1060 4128 auctores
1074 4092 1129 4128 non
1146 4075 1228 4128 inusi-

165 4151 419 4224 digressionum
431 4156 583 4228 dissipati.»
599 4158 677 4211 -lts
721 4169 815 4211 tatum
831 4156 925 4211 Cicero
940 4154 1070 4221 Lentulo,
1082 4155 1111 4222 1,
1123 4174 1159 4226 7:
1177 4154 1226 4206 -Si
