3200 5130
374 517 424 586 60
636 516 901 584 CORNELII
928 514 1163 584 NEPOTIS

372 681 474 750 quum
492 656 561 749 ejus
577 655 734 748 majorem
755 669 882 749 partem
900 654 1013 724 insulae
1024 653 1211 745 devicisset,
1229 658 1263 728 in
1278 661 1432 734 morbum

373 761 565 856 implicitus,
587 763 620 829 in
639 761 761 855 oppido
777 761 864 829 Citio
885 775 935 829 est
956 775 1113 830 mortuus.

425 869 485 936 IV.
505 869 602 935 Hunc
619 867 834 936 Athenienses
850 890 917 934 nun
937 865 1044 935 solum
1062 869 1094 934 in
1110 867 1215 955 bello,
1229 869 1285 939 sed
1299 873 1332 938 in
1346 897 1429 968 pece

372 972 428 1041 diu
456 971 731 1042 desideraverunt.
760 974 835 1040 Fuit
855 973 941 1040 enim
961 987 1051 1040 tante
1079 972 1270 1045 liberalitate
1285 975 1306 1065 ¹,
1326 1003 1428 1072 quum

371 1076 594 1172 compluribus
615 1078 697 1147 locis
712 1078 834 1172 predio
847 1078 1026 1172 hortosque
1035 1079 1190 1166 haberet,
1207 1094 1245 1150 ut
1258 1107 1429 1178 nunquam

371 1185 405 1250 io
418 1185 464 1252 eis
476 1183 646 1254 custodem
661 1185 853 1278 imposuerit
864 1183 990 1252 fructus
1005 1185 1157 1254 servandi
1170 1190 1288 1281 gretia,
1300 1214 1341 1258 ne
1354 1193 1429 1285 quis

371 1291 599 1384 impediretur,
621 1315 687 1384 quo
710 1292 817 1359 minus
834 1291 904 1384 ejus
922 1290 1039 1378 rebus,
1058 1292 1178 1385 quibus
1197 1297 1334 1413 quisque
1353 1296 1427 1364 vel-

370 1394 429 1483 let,
450 1395 622 1464 frueretur.
640 1397 778 1490 Semper
796 1421 872 1464 eum
896 1395 1078 1490 pedisequi²
1094 1422 1169 1466 cum
1187 1403 1330 1470 nummis
1349 1417 1428 1472 sunt

299 1511 304 1521 '
370 1503 487 1590 secuti,
499 1516 550 1588 ut,
569 1527 594 1570 st
606 1527 679 1595 quis
691 1527 763 1596 opis
777 1503 845 1593 ejus
859 1501 1035 1596 indigerem
1046 1503 1200 1591 haberet,
1216 1505 1306 1600 quod
1316 1521 1427 1576 stetim

369 1606 478 1693 daret,
499 1632 540 1674 ne
561 1607 744 1676 differendo
767 1607 933 1678 videretur
952 1594 1098 1703 negarel
1121 1613 1234 1705 Saepe,
1248 1638 1350 1705 quum
1369 1613 1429 1682 eli·

370 1821 480 1878 sponte
500 1810 563 1880 quia
581 1809 752 1863 Athenienses
770 1808 876 1864 videbat
919 1806 953 1866 ed
970 1809 1116 1864 curialer'
1096 1829 1151 1863 stre
1163 1811 1325 1865 contribules
1337 1813 1427 1866 Cimo·

372 1888 400 1938 in
421 1907 485 1959 prce
507 1889 554 1941 otii
572 1908 626 1942 esse
647 1889 827 1960 impatientes,
847 1901 876 1941 ut
918 1889 959 1940 nis
975 1889 1116 1960 restringit.
1129 1888 1261 1942 Omnibus
1273 1909 1338 1944 vero
1360 1892 1426 1946 civi·

371 1968 452 2020 refert
466 1967 630 2022 Plutarchus.
645 1967 757 2021 Diodori
771 1982 873 2032 eutem,
917 1968 967 2020 bus
982 1967 1050 2020 benc
1069 1969 1173 2040 copiam
1188 1971 1343 2024 concessisse
1358 1972 1425 2024 scri·

370 2046 720 2120 eicethucydidis‚nostro
728 2061 876 2119 congruunt
918 2047 1247 2121 bitTheopompus,apud
1259 2051 1424 2104 Atheouum.

370 2127 512 2181 sententie.
526 2159 567 2172 ·-
580 2129 611 2180 In
626 2129 730 2180 morbum
741 2129 874 2199 inplicitus.
918 2126 1009 2179 Simile
1019 2125 1085 2198 quid
1100 2125 1133 2180 de
1145 2129 1269 2199 Ephialte
1282 2131 1362 2182 refert
1372 2130 1425 2183 tte·

372 2206 436 2272 Alii,
444 2219 508 2260 teste
514 2205 876 2278 Plutarcho,vulnere‚quod
917 2204 1041 2268 euclides,
1058 2207 1086 2260 in
1099 2207 1195 2261 Politie
1207 2209 1422 2274 Atheniensium,

372 2283 494 2338 adversus
506 2288 631 2340 barbaros
642 2306 761 2358 pugnans
772 2305 876 2360 accepe-
917 2286 1424 2358 permisisseexagrissuisiructustlecet*

371 2377 426 2431 ret,
434 2367 583 2419 confectum
590 2365 730 2420 tradidere.
740 2368 875 2420 lios-Ire
917 2383 994 2435 pere,
1004 2366 1050 2437 qui
1057 2365 1167 2431 rellent;
1179 2379 1256 2438 etque
1263 2367 1326 2421 iude
1333 2369 1423 2423 multis

371 2445 457 2515 oppido
467 2445 539 2498 Citio.
547 2445 732 2518 Thucydides,
740 2459 766 2499 et
775 2465 874 2500 cumeo
917 2444 1007 2496 cibum
1023 2446 1223 2515 prebuisse-
1239 2447 1423 2500 Custodmirr-

371 2523 544 2590 Plutarchus,
566 2545 619 2579 non
641 2527 668 2579 in
690 2525 808 2600 oppido,
828 2525 874 2580 sed
914 2527 1028 2593 posuerit.
1048 2525 1087 2578 Ite
1103 2525 1196 2578 Cicero
1205 2545 1277 2598 ,pro
1295 2527 1420 2593 Plancio,

371 2601 435 2656 dum
459 2603 525 2658 illud
550 2605 700 2671 obsideret,
722 2608 874 2660 occubuisse
918 2603 1011 2656 xxv·
1024 2603 1091 2657 ¹511!
1104 2617 1190 2658 autem
1203 2607 1328 2672 emimus,
1343 2627 1423 2680 quem

370 2683 509 2738 Cimonem
527 2687 654 2740 scribunt.
676 2683 813 2758 Oppidum
835 2699 874 2738 ta-
916 2683 1055 2737 villicum
1045 2703 1223 2754 reponamus,
1238 2703 1317 2758 quem
1333 2688 1423 2759 pecori

370 2782 431 2816 men
443 2783 457 2816 a
471 2765 581 2820 Cimone
597 2779 775 2838 expugnatum
794 2767 875 2818 refert
916 2763 1120 2833 preliueremun
1129 2765 1216 2818 nihil'
1208 2784 1236 2817 ιιι
1249 2783 1296 2833 eo,
1306 2779 1377 2820 etc.-

370 2841 650 2911 Diodorus‚Xll.Crtn
662 2847 810 2898 Stoicorum
818 2863 873 2897 seo
959 2862 984 2894 ².
1007 2843 1104 2913 Semper
1131 2863 1183 2896 eum
1209 2844 1338 2916 pediseque.
1365 2846 1420 2901 Ηοο

370 2933 402 2974 te
417 2922 539 2978 conditor
555 2939 631 2978 nutus
643 2937 682 2977 est
697 2927 777 2978 Zeno.
915 2921 1072 2975 Plutarchus
1091 2925 1229 2984 νεανίσκους
1250 2925 1356 2986 entitur
1375 2945 1420 2980 ro·

409 3004 473 3056 Cre.
490 3003 538 3055 tv.
564 3023 587 3056 ι.
610 3005 670 3056 Fuit
682 3008 743 3055 erim
758 3015 825 3054 tantu
842 3005 872 3054 tt·
915 3015 975 3065 cat,
998 3001 1085 3073 sitque
1104 3021 1148 3056 eos
1172 3003 1261 3056 tulisse
1280 3005 1418 3075 pecuniam

369 3079 499 3134 beralitate.
516 3083 615 3135 Totum
632 3082 705 3134 hunc
725 3082 813 3135 locum
832 3101 874 3136 ur·
915 3080 1067 3151 copiosam,
1087 3095 1114 3135 et
1134 3081 1262 3136 adstitisse
1281 3084 1421 3155 elegantio-

369 3177 422 3229 que
434 3159 467 3213 ed
480 3161 560 3213 finem
575 3162 680 3233 cepitis,
693 3181 708 3214 e
722 3162 873 3232 'Ihetrpom-
915 3159 988 3212 ribus
1014 3161 1124 3232 inopum
1148 3159 1159 3224 (
1179 3166 1228 3224 τοῖς
1249 3164 1348 3234 κομψοῖς
1370 3172 1417 3217 τῶν

368 3256 404 3307 po
422 3237 608 3310 desumptum,
629 3253 654 3294 et
673 3241 746 3312 quasi
761 3259 776 3292 e
789 3242 872 3294 verbo
914 3241 1025 3296 *resisus
1040 3237 1066 3302 )‚
1093 3242 1295 3314 nummulosque
1314 3243 1419 3297 silentio

369 3335 519 3387 expressum
535 3338 603 3385 esse,
620 3321 721 3373 notavit
740 3321 871 3374 Caecubo-
914 3319 943 3372 in
954 3337 1047 3373 manus
1060 3319 1186 3392 injecisse.
1198 3323 1252 3374 tte
1264 3323 1280 3379 i
1291 3326 1354 3393 τριῖς
1366 3343 1420 3376 sru-

369 3415 432 3461 nus,
443 3397 615 3452 animadvers.
631 3401 659 3452 in
671 3399 790 3453 Athenaei
801 3401 870 3466 ΧΠ,
914 3401 1005 3465 victu,
1024 3400 1060 3452 eit
1075 3400 1273 3473 Theopompus·
1294 3401 1356 3454 Non
1371 3401 1419 3456 ad·

370 3479 395 3530 ll.
405 3475 688 3532 Similismuniliceatia
697 3479 784 3533 Gillias
795 3481 871 3550 Agri·
914 3477 1024 3532 modum
1053 3477 1179 3532 dissimile
1203 3493 1264 3547 eet,
1287 3480 1360 3552 quod
1383 3481 1418 3536 de

368 3557 467 3626 gentici
480 3559 543 3623 fuit,
553 3557 586 3612 de
599 3578 652 3629 quo
666 3560 786 3612 Valerios
799 3560 869 3613 Max.
914 3559 945 3611 L.
962 3559 1071 3612 Neratio
1090 3573 1179 3612 narret
1198 3560 1314 3626 Gellius,
1331 3559 1366 3614 N.
1385 3563 1416 3614 t.

368 3637 424 3701 IV,
439 3639 469 3703 8,
479 3651 529 3690 ext.
545 3639 580 3691 11.
596 3640 635 3690 De
648 3639 767 3692 Cimonis
784 3651 871 3692 eutem
916 3639 977 3704 XX,
997 3657 1020 3691 ι.
1038 3639 1141 3691 Βοιιιιι.

367 3716 520 3772 liberalitate
532 3719 752 3784 antrotius‚Vl,
766 3738 797 3787 9,
811 3719 871 3770 bre·
956 3719 982 3771 3.
1003 3719 1043 3772 Νι
1055 3719 1187 3786 diffitendo
1204 3719 1326 3772 uidentur·
1342 3737 1417 3789 trege-

368 3797 448 3865 ¹viter:
465 3799 629 3870 eligentibus
637 3800 730 3870 stipem
742 3796 832 3863 dedit,
845 3810 871 3850 et
915 3817 946 3850 re.
966 3797 1017 3850 Cui
1033 3799 1167 3852 sententie
1182 3811 1333 3868 congruunt
1355 3799 1415 3856 Seu.

368 3894 495 3948 pauperes
516 3879 657 3943 inritavit,
675 3892 701 3932 et
721 3877 807 3930 nudor
830 3879 871 3930 in·
914 3877 1011 3942 serbe,
1032 3879 1071 3937 De
1089 3877 1201 3930 benefic.
1218 3878 1266 3929 11:
1291 3903 1303 3924 ι
1321 3877 1415 3932 Omnis

367 3953 452 4008 duit..
462 3990 500 4002 -
512 3958 871 4032 Utrunquamr'net'rrustodem
914 3957 1060 4028 benigniter
1078 3970 1218 4029 properat,
1233 3968 1259 4010 et
1275 3959 1415 4030 proprium

369 4036 510 4104 imposuerit.
522 4037 591 4091 Vide
605 4039 775 4092 Plutarchum
786 4038 814 4089 in
825 4037 870 4092 ci·
914 4050 952 4089 est
966 4037 1078 4090 libenter
1092 4037 1227 4100 ferientis,
1241 4037 1295 4090 cito
1310 4038 1393 4091 fecere
1407 4055 1415 4103 ς

366 4131 460 4182 mone,
469 4129 495 4169 et
508 4118 536 4169 in
553 4118 661 4170 Pericle.
673 4118 871 4190 Theophrastus
915 4117 962 4187 qui
981 4115 1054 4169 tarde
1070 4117 1197 4188 proiecit,
1210 4135 1265 4168 nun
1280 4135 1313 4170 ex
1327 4117 1418 4170 enimc

372 4192 443 4262 apud
454 4195 622 4262 Ciceronem,
634 4199 673 4250 De
683 4197 871 4265 otoo.11‚hee
914 4196 983 4250 fecit.
1001 4195 1087 4250 Tarde
1106 4198 1190 4261 telle,
1211 4195 1325 4250 uolentis
1340 4210 1387 4251 est.
1404 4222 1415 4244 ι
