3246 5134
495 523 895 603 arluinonuss.
1099 489 1103 498 ⁴
1151 534 1222 608 155·

167 656 355 728 Diomedon
376 681 477 749 quum
497 671 647 752 rogaret,
663 671 701 726 ut
720 670 791 725 tuto
810 657 915 744 exire,
934 681 1074 752 suaque,
1093 683 1165 752 quae
1177 676 1221 728 at·

168 763 311 849 tulisset,
327 762 439 832 liceret
452 761 590 831 efferre:
606 761 745 846 «istud,
758 762 878 856 inquit,
893 762 1027 847 faciam,
1043 789 1148 858 neque
1164 780 1218 834 tua

167 893 284 955 causa,
305 869 360 938 sed
382 892 480 954 mea;
499 892 557 954 ne,
579 869 605 936 si
625 868 683 936 tibi
701 869 743 937 sit
763 871 902 963 pecunia
922 867 1092 962 adempta,
1105 868 1220 964 aliquis

166 974 270 1063 dicat,
289 974 320 1042 id
339 974 381 1043 ad
402 997 454 1042 me
471 989 621 1068 ereptum
639 975 846 1068 pervenisse,
867 975 956 1069 quod
974 973 1117 1044 delatum
1136 979 1219 1045 acci·

166 1105 245 1175 pere
267 1079 444 1150 noluissem
458 1109 486 1146 n.
502 1082 610 1174 aquo
627 1105 729 1173 quum
752 1082 933 1174 quaesisset,
951 1105 1016 1174 quo
1034 1105 1069 1148 se
1085 1069 1220 1150 deduci⁵
1338 1091 1341 1100 .

168 1186 286 1272 vellet,
305 1201 339 1254 et
357 1185 410 1254 ille
438 1185 584 1254 Athenas
609 1185 763 1271 dixisset3
787 1186 973 1280 praesidium
998 1186 1106 1274 dedit,
1127 1201 1220 1256 uteo

168 1307 240 1362 tuto
259 1293 454 1386 perveniret.
469 1294 585 1385 Neque
602 1316 683 1360 vero
697 1290 729 1359 id
743 1294 819 1362 satis
831 1293 963 1379 habuit3
977 1291 1034 1360 sed
1053 1295 1171 1378 enam,
1182 1308 1220 1361 ut

167 1397 343 1466 inviolatus
362 1399 396 1466 in
418 1422 535 1466 navem
555 1396 762 1486 ascenderet,
775 1422 834 1492 per
847 1398 1027 1467 Chabriam
1041 1399 1219 1468 Athenien·

168 1527 253 1590 sem,
280 1504 321 1572 de
343 1529 409 1599 quo
431 1527 529 1598 supra
556 1505 755 1572 mentionem
783 1503 938 1592 fecimus,
960 1503 1080 1572 effecit.
1108 1505 1219 1573 Absti-

166 1595 307 1678 nentiae⁶
326 1612 390 1678 erit
405 1609 469 1678 boc
487 1611 563 1678 satis
581 1611 812 1680 testimonium.
833 1607 979 1678 Plurima
991 1609 1123 1703 quidem
1144 1633 1219 1704 pro-

167 1714 253 1785 ferre
271 1741 454 1810 possemus3
472 1715 528 1785 sed
542 1715 660 1784 modus
678 1715 882 1786 adhibendus
898 1731 967 1802 est,
981 1715 1135 1810 quoniam
1154 1741 1221 1784 uno

81 1863 83 1866 -
167 1821 232 1892 hoc
245 1821 411 1892 volumine
430 1824 512 1891 vitas
527 1819 753 1891 excellentium
769 1823 914 1892 virorum
931 1820 1127 1891 concludere
1142 1847 1220 1891 con·

167 1929 349 2015 stituimus„
374 1953 515 2022 quorum
541 1931 715 2023 separatim
744 1926 856 1997 inultis
880 1926 1043 1997 millibus⁷
1066 1953 1219 1998 versuum

168 2033 353 2128 complures
371 2037 547 2128 scriptores
564 2049 640 2103 ante
661 2059 721 2102 nos
742 2032 955 2130 explicarunt.

219 2142 261 2209 V.
278 2142 352 2209 Fuit
367 2142 464 2210 etiam
482 2140 622 2209 disertus
634 2138 656 2226 ¹,
670 2154 708 2208 ut
720 2161 818 2208 nemo
831 2141 1008 2209 Thebanus
1020 2141 1050 2208 ei
1064 2165 1125 2234 par
1137 2156 1221 2208 esset

166 2244 376 2340 eloquentia:
395 2269 501 2340 neque
521 2247 629 2314 minus
648 2247 828 2314 concinnus
848 2247 882 2312 in
901 2246 1060 2314 brevitate
1082 2269 1221 2339 respon·

166 2351 282 2440 dendi,
294 2377 392 2446 quam
407 2353 440 2419 in
453 2365 611 2446 perpetua
629 2352 779 2420 oratione
793 2366 938 2428 ornatus.
952 2350 1075 2419 Habuit
1090 2351 1219 2420 obtrec-

167 2472 307 2528 tatorem
330 2457 547 2527 Meneclidem
570 2455 767 2551 quemdam²
793 2457 936 2525 indidem
957 2457 1095 2541 Thebis,
1113 2472 1145 2525 et
1169 2457 1221 2526 ad·

168 2565 348 2633 versarium
371 2565 405 2632 in
426 2562 682 2632 administranda
701 2562 886 2657 republica,
908 2564 984 2631 satis
1007 2564 1219 2631 exercitatum

167 2671 201 2738 in
220 2669 434 2758 dicend0,‚ut
449 2670 644 2758 Thebanum
666 2668 799 2738 scilicet.
817 2670 969 2763 Namque
984 2667 1028 2738 illi
1047 2670 1136 2763 genti
1147 2667 1220 2763 plus

211 2863 236 2918 5.
254 2864 361 2918 *venet
374 2864 412 2917 Ut
427 2865 480 2934 jam
498 2863 625 2930 vidimus,
639 2862 673 2917 de
755 2863 819 2916 Car.
834 2863 869 2914 V.
890 2879 913 2914 ι.
933 2862 994 2915 Fuit
1015 2865 1086 2913 etiam
1109 2862 1218 2912 direnm.

169 2943 296 2996 mmitstn
309 2963 323 2996 e
336 2945 394 2996 loco
404 2943 432 2996 in
445 2944 541 2998 locum.
555 2944 598 2998 sl.
608 2945 672 2996 daci.
715 2939 790 2995 Idem
800 2941 956 2996 Plutarchus
964 2941 992 2994 in
1002 2940 1142 3012 Praeceptis
1153 2941 1220 3012 poli-

209 3027 236 3076 ti.
250 3023 416 3077 Abstinentiae.
430 3024 470 3076 De
479 3024 530 3078 hac
543 3024 674 3078 abstinen-
715 3022 759 3075 tic.
768 3033 891 3074 testatur:
901 3019 1219 3086 «Quodsil‘orte,csuaam

170 3101 206 3154 tia
219 3121 264 3156 sua
275 3104 330 3175 ipse
338 3101 535 3175 Epaminondas
549 3104 677 3176 praeclare,
715 3100 847 3166 dicturus,
863 3101 904 3155 vel
919 3100 1076 3172 legationem
1090 3101 1221 3164 obituram,

169 3179 285 3254 disputat
305 3181 376 3256 apud
392 3183 576 3249 Plutarchum,
587 3181 621 3236 de
631 3203 676 3255 ge·
716 3192 745 3234 tu
760 3193 786 3234 te
799 3181 885 3253 ipsum
897 3179 1081 3234 addicendum
1092 3180 1221 3251 intelligas

169 3262 216 3314 nio
231 3261 351 3316 Socratis.
366 3263 486 3316 Imitatus
504 3282 561 3317 eam
582 3263 672 3316 Philo·
715 3279 811 3332 parum
838 3258 982 3326 idoneum,
1006 3261 1093 3314 virum
1115 3258 1220 3314 dicendi

169 3358 274 3410 pumen
297 3355 352 3407 est,
373 3341 441 3394 sicut
466 3344 494 3396 in
519 3343 575 3395 aliis
594 3343 673 3396 etiam
715 3341 831 3412 peritum
841 3339 987 3412 adjutorem
995 3340 1222 3413 tibi,sociu1nqne

169 3419 243 3474 hunc
258 3422 343 3474 virum
357 3423 675 3495 exemplnrnsibipropo-
715 3420 834 3474 muneris
864 3419 1007 3484 adsciscas,
1022 3431 1052 3472 ut
1082 3419 1221 3494 Pelopidas
1284 3449 1287 3458 ι

170 3500 223 3552 suit
234 3499 303 3554 rite.
315 3501 438 3556 Fuiteiet
451 3503 557 3556 fortuna
569 3513 595 3553 et
605 3519 675 3554 mor·
716 3498 935 3570 Epaminondam.
954 3526 965 3546 ι
979 3531 1020 3542 -
1039 3499 1123 3571 Neque
1146 3505 1221 3552 musas

171 3590 197 3631 te
208 3579 309 3634 similis.
325 3580 395 3634 Vide
410 3581 595 3646 Plutarchum,
611 3580 674 3634 Phi·
716 3583 850 3632 concinnus.
862 3579 1054 3650 Responsiones
1065 3581 1120 3649 ejus
1128 3579 1220 3631 breves

169 3656 309 3729 lopnrmen.
325 3661 464 3716 Bucam.
716 3671 743 3710 et
757 3672 946 3729 congruentes,
964 3659 1103 3712 conciones
1122 3670 1221 3710 ornatas

211 3757 238 3808 7.
259 3741 345 3792 Multis
369 3740 472 3794 millibus
498 3759 615 3792 cursuum.
639 3739 674 3791 Hi
716 3750 799 3792 aaut.

171 3835 260 3871 versus
274 3833 336 3874 sunt
347 3822 674 3892 linec,qnarumnumero
760 3837 784 3870 a.
798 3816 954 3869 Menecliden
967 3814 1098 3885 quemdam.
1113 3816 1153 3866 De
1167 3831 1220 3884 quo

171 3898 258 3952 metiri
272 3900 355 3954 libros
370 3901 504 3968 solebant,
517 3917 631 3970 eumque
645 3899 674 3950 in
717 3895 873 3950 Plutarchus
884 3897 911 3948 in
925 3892 1221 3965 Pelopida—Indidem

170 3977 261 4030 ultima
268 3977 675 4033 ceraadscribebantssascilicet
720 3979 745 4029 T
742 3975 814 4028 labis.
831 3975 884 4038 Qui
909 3973 1008 4045 pariter
1026 3972 1126 4024 Thebis
1144 3985 1220 4026 natus

171 4069 257 4110 mente
264 4059 394 4112 librorum
400 4057 609 4130 magnitudinem
618 4075 674 4108 me·
716 4069 780 4110 erat.
789 4054 905 4108 Indidem.
915 4050 953 4105 Ex
965 4049 1058 4104 eodem
1069 4051 1137 4104 loco.
1144 4053 1224 4105 -ile

172 4135 304 4192 tiebsntnr
315 4153 474 4204 veteres‚ne
488 4137 673 4210 quidaliennm
721 4136 856 4188 Thebanam
866 4134 962 4186 scilicet.
977 4129 1009 4183 Id
1023 4143 1075 4196 est,
1084 4130 1171 4201 quoad
1187 4131 1221 4185 de

171 4213 344 4272 inculcaretur
354 4220 396 4274 rel
406 4217 472 4290 quid
482 4217 672 4274 detraheretur.
716 4215 824 4268 homine
830 4213 958 4267 'lhehano
965 4210 994 4265 id
1000 4207 1142 4282 praedicare
1151 4213 1219 4266 licet.
