3200 5120
506 539 570 607 ET
595 535 823 607 JUDICIA.
1040 603 1044 610 .
1133 565 1200 613 ω

133 675 192 760 sit,
202 683 339 756 notare,
354 682 388 736 et
398 669 499 737 tacite
511 670 682 764 Pomponii
698 669 798 738 Attici
813 667 985 738 consilium
1000 672 1199 766 approbare,

134 781 189 873 qui
203 775 298 846 bellis
318 772 485 861 civilibus,
503 800 576 868 qua
595 777 628 842 in
650 775 720 868 ejus
736 789 864 844 aetatem
886 775 1093 865 inciderunt,
1114 781 1201 848 inte-

136 909 224 954 resse
239 880 400 967 noluerit,
415 879 472 949 sed
489 881 578 948 domi
593 905 628 949 se
641 881 859 968 continuerit,
872 895 906 949 et
922 885 1096 975 quieverit,
1111 887 1201 980 quod

136 990 270 1086 quidem
281 986 527 1083 prudentissimi
538 987 600 1055 viri
614 983 786 1056 consilium
800 986 988 1081 laetumque
1000 992 1104 1059 exitus
1117 1017 1202 1061 com·

137 1095 301 1192 probarit
319 1094 408 1161 Nam
425 1090 495 1162 aliis
511 1092 680 1176 omnibus,
696 1095 754 1186 qui
769 1091 821 1160 vel
841 1093 918 1180 has,
933 1092 986 1163 vel
1007 1094 1077 1164 illas
1091 1112 1201 1191 partes

138 1202 242 1272 secuti
271 1212 390 1285 erant,
416 1212 474 1266 aut
502 1200 694 1292 proscriptis
722 1212 757 1267 et
783 1197 964 1294 jugulatis,
988 1215 1046 1270 aut
1071 1203 1105 1270 in
1133 1205 1202 1273 acie

138 1305 365 1399 interemptis,
385 1328 471 1372 unus
489 1307 618 1374 Atticus
638 1303 748 1373 salvus
765 1329 805 1373 ex
830 1319 881 1373 tot
904 1307 1067 1400 tantisque
1088 1309 1202 1402 reipu-

139 1411 230 1482 blicae
251 1410 407 1480 fluctibus
428 1414 569 1480 emersit.
584 1411 704 1504 ltaque
722 1409 762 1478 de
784 1434 823 1479 eo
842 1412 887 1480 ita
901 1411 1075 1482 Cornelius
1090 1415 1202 1508 Nepos

141 1521 172 1588 in
189 1519 263 1613 ejus
280 1509 503 1605 vita(XXV,
524 1541 587 1605 10,
606 1511 676 1607 6):
695 1515 872 1605 «Quodsi
891 1517 1092 1611 gubernator
1114 1543 1200 1614 prae-

143 1627 239 1720 cipua
260 1621 358 1692 laude
379 1621 504 1710 lemur,
524 1624 581 1717 qui
594 1647 714 1693 navem
730 1647 771 1692 ex
790 1622 898 1691 hieme
914 1625 1061 1718 marique
1083 1649 1200 1720 scopu·

141 1728 210 1802 loso
231 1743 361 1816 servat3
375 1753 435 1796 our
449 1752 516 1798 non
530 1726 702 1823 singularis
715 1729 784 1822 ejus
798 1728 1000 1798 existimetur
1012 1730 1203 1825 prudentia,

142 1839 196 1931 qui
217 1861 260 1906 ex
280 1848 331 1904 tot
351 1848 484 1928 tamque
505 1835 661 1930 gravibus
682 1832 834 1929 procellis
854 1832 1003 1906 civilibus
1017 1836 1059 1905 ad
1076 1837 1202 1908 incolu-

143 1945 290 2012 mitatem
317 1938 491 2036 pcrvenit?
515 1970 533 2006 »
560 1944 601 2010 In
620 1939 773 2035 Agesilao
801 1935 944 2030 (XVII,
965 1943 1008 2030 4,
1031 1935 1100 2032 9,)
1124 1945 1201 2014 sic:

147 2079 163 2112 α
184 2052 224 2118 In
248 2047 314 2116 hoc
338 2072 406 2116 non
429 2047 538 2117 minus
559 2047 629 2140 ejus
648 2049 752 2142 pietas
778 2046 985 2140 suspicienda
1004 2061 1078 2136 est,
1103 2073 1203 2143 quam

142 2157 245 2224 virtus
263 2151 381 2222 bellica
396 2179 403 2221 :
420 2153 496 2246 qui,
516 2178 620 2247 quum
639 2154 756 2222 victori
771 2167 926 2248 praesset
939 2156 1115 2242 exercitui,
1132 2181 1202 2225 ma-

143 2263 329 2354 rimamque
355 2259 492 2329 haberet
522 2259 677 2329 fiduciam
709 2261 803 2354 regni
830 2261 1004 2328 Persarum
1029 2261 1203 2355 potiundi,

144 2383 233 2436 tanta
252 2365 413 2436 modestia
431 2365 521 2436 dicto
537 2365 672 2434 audiens
688 2365 750 2434 fuit
763 2365 861 2458 jussis
882 2365 1065 2436 absentium
1083 2369 1203 2464 magis·

144 2487 311 2561 tratuum,
333 2486 371 2542 ut
396 2473 423 2540 si
445 2472 593 2566 privatus
614 2473 648 2540 in
675 2472 808 2540 comitio
830 2475 1069 2567 esset'spartae.
1100 2475 1204 2570 Cujus

146 2577 332 2674 exemplum
352 2579 479 2648 utinam
494 2579 708 2672 imperatores
729 2579 833 2646 nostri
854 2581 945 2672 sequi
964 2577 1164 2650 voluissent!
1182 2612 1199 2647 s

146 2687 207 2754 Hic
225 2685 319 2754 locus
341 2683 477 2770 clamat,
489 2699 660 2753 auctorem
677 2682 775 2778 hujus
792 2681 867 2751 libri
884 2706 1020 2779 carpere
1038 2700 1071 2754 et
1088 2701 1204 2756 notare

146 2792 292 2886 Pompeii
306 2805 340 2860 et
355 2791 508 2878 Caesaris,
526 2790 584 2859 sed
605 2789 746 2858 maxime
766 2789 919 2876 Caesaris,
938 2791 1118 2884 potentiam
1135 2818 1203 2862 non

146 2897 331 2985 ferendam,
341 2898 398 2991 qui
414 2898 589 2992 imperium
605 2910 638 2964 et
652 2896 831 2964 exercitum
853 2896 995 2964 retinere
1013 2893 1101 2964 ultra
1117 2911 1204 2967 tem·

146 3029 206 3097 pus
227 3002 300 3098 lege
324 3027 517 3072 concessum
535 3000 685 3072 voluerit.
706 3002 816 3071 Etiam
834 3001 983 3072 adhunc
1004 3000 1114 3070 locum
1130 3004 1204 3073 vide

145 3134 216 3204 quae
234 3111 476 3178 annotavimus.
492 3112 534 3176 In
547 3110 696 3177 Eumene
710 3100 869 3197 (XVIII,
888 3131 926 3196 r,
943 3102 999 3198 5,)
1014 3110 1060 3178 sic
1076 3135 1083 3177 :
1103 3139 1120 3173 ιι
1137 3113 1204 3179 Ita·

145 3239 207 3310 que
220 3239 299 3284 eum
312 3214 429 3284 habuit
440 3214 483 3282 ad
499 3237 633 3282 manum
649 3213 763 3284 scribae
780 3212 853 3282 loco
867 3239 874 3281 :
889 3214 979 3308 quod
994 3214 1099 3284 multo
1117 3216 1205 3312 apud

146 3321 265 3390 Graios
291 3320 561 3390 honorificentius
588 3335 657 3407 est,
681 3343 780 3414 quam
804 3319 893 3414 apud
920 3323 1098 3392 Romanos.
1118 3325 1205 3394 Nam

145 3427 232 3521 apud
254 3451 317 3496 nos
343 3451 476 3514 revera,
506 3427 592 3496 sicut
613 3441 708 3512 sunt,
734 3427 926 3494 mercenarii
951 3426 1065 3498 scribae
1092 3430 1204 3498 existi·

145 3548 290 3602 mannrr.
312 3563 330 3598 s
347 3534 456 3602 Etiam
470 3533 525 3602 hic
536 3532 629 3602 locus
644 3531 787 3618 indicat,
801 3531 891 3600 hunc
905 3531 1026 3600 librum
1038 3557 1108 3602 esse
1122 3537 1205 3604 scri·

145 3651 239 3732 ptum
262 3639 421 3708 Romanis
444 3639 591 3734 potentia
610 3635 724 3734 populi
743 3651 776 3707 et
796 3639 990 3708 auctoritate
1010 3642 1206 3735 optimatum

145 3745 330 3832 utentibus,
346 3770 413 3814 non
426 3743 679 3840 imperatoribus
694 3743 948 3814 dominantibus.
962 3745 1063 3833 Quod
1078 3745 1207 3841 planius

146 3847 217 3937 fiet,
232 3853 259 3919 si
274 3853 348 3945 quis
361 3850 465 3946 legat,
477 3876 551 3946 quae
567 3853 665 3920 etiam
680 3849 721 3918 ad
737 3851 827 3918 huno
840 3850 950 3920 locum
969 3853 1206 3921 annotavimus.

147 3955 276 4027 Ibidem
296 3949 310 4044 (
324 3959 460 4045 XVIII,
476 3956 517 4045 3,
531 3950 590 4046 4,)
604 3957 649 4027 sic
663 3983 670 4025 :
690 3985 707 4021 α
721 3956 921 4025 Macedones
937 3981 1016 4024 vero
1037 3956 1155 4026 milites
1169 3981 1208 4026 ea

147 4075 226 4130 tunc
254 4077 351 4131 erant
374 4063 481 4150 samu,
509 4086 575 4156 qua
603 4088 691 4132 nunc
718 4064 859 4132 Romani
884 4061 1061 4131 seruntur:
1086 4064 1207 4132 etenim

148 4190 279 4262 semper
300 4168 402 4241 babiti
417 4183 494 4240 sunt
513 4169 697 4256 fortissimi,
718 4171 775 4262 qui
793 4192 957 4240 summam
978 4171 1105 4263 imperii
1127 4172 1209 4265 poti·
