3200 5120
530 514 594 582 ET
619 513 850 582 JUDICIA.
1147 539 1220 586 nvn

611 705 768 792 IDEM,

326 887 394 934 ara
422 883 513 932 xxiv
540 847 863 952 commemorari,
890 886 967 936 car.
1001 864 1056 938 18.

212 1048 380 1120 AEmilium
393 1048 540 1120 Probum
551 1071 623 1118 aevo
634 1047 865 1119 Theodosiano
879 1065 1104 1146 correptorem
1118 1051 1218 1120 Com.

154 1159 298 1251 Nepotis
325 1155 446 1242 fuisse,
471 1153 627 1251 peculiari
649 1179 669 1224 a
690 1155 785 1226 nobis
804 1158 999 1226 tractatione
1025 1180 1130 1250 nuper
1148 1157 1219 1226 vin»

154 1264 303 1334 dimmm
320 1277 378 1332 est
393 1265 445 1334 Et
457 1261 512 1332 lib.
526 1285 708 1358 xxv‚cap.
730 1259 774 1332 15
789 1288 797 1330 :
812 1263 872 1331 His
884 1261 998 1332 diebus
1016 1262 1220 1332 demonstra·

155 1371 283 1458 umus,
298 1367 465 1440 AEmiliunr
482 1369 628 1440 Probum
644 1392 716 1438 evo
729 1367 905 1440 Theodosii
921 1368 1066 1440 Cornelii
1083 1369 1221 1464 Nepotis

157 1473 261 1546 libros
278 1477 314 1544 in
335 1477 512 1572 Epitomen
534 1473 705 1570 redegisse.

608 1681 779 1768 mnu,

499 1859 568 1908 aru.
596 1857 690 1925 xnn,
713 1859 789 1946 car.
820 1861 879 1933 29.

209 2013 403 2102 Unim,sed
415 2012 583 2109 eleganter
596 2027 630 2082 et
644 2014 777 2110 proprie
793 2015 931 2110 scripta,
942 2014 1010 2084 vita
1025 2038 1106 2086 vera
1118 2018 1219 2088 Gom.

156 2123 299 2216 Nepotis
319 2120 363 2190 ad
380 2143 441 2192 nos
459 2122 571 2204 venit,
588 2120 672 2190 adeo
694 2119 827 2215 quidem
848 2134 1043 2214 utrumque,
1064 2135 1103 2190 ut
1122 2123 1223 2192 Attici

156 2228 257 2298 rebus
277 2231 434 2296 interesse
451 2225 547 2295 nobis
564 2225 755 2314 videamur,
773 2227 902 2320 quoties
923 2249 995 2296 eam
1014 2225 1170 2321 legimus3
1189 2241 1224 2296 et

157 2358 237 2403 serre
258 2334 329 2428 ejus
348 2334 593 2428 comparatione
608 2331 756 2425 judicare
779 2345 934 2427 poterant
955 2331 1075 2402 eruditi
1094 2334 1157 2402 viri
1181 2333 1222 2402 de

158 2439 268 2510 alteris
286 2438 358 2508 illis.
377 2439 466 2508 Eod.
485 2462 562 2535 cap.
579 2437 764 2528 subflaem
782 2464 792 2506 :
811 2441 890 2510 Non
905 2461 1106 2533 magnopere
1120 2436 1223 2508 titulis

157 2548 309 2640 gavisum
324 2547 432 2640 ipsum
449 2547 612 2633 Atticum,
624 2567 664 2614 er
678 2543 898 2638 descriptione
912 2547 1061 2638 sequenti
1078 2557 1223 2631 eonstat;

158 2675 258 2745 qaum
272 2677 336 2746 ego
350 2667 418 2722 tarn
432 2651 649 2734 luculentam,
664 2664 798 2744 tamque
816 2647 990 2719 candidam
1005 2664 1038 2718 et
1051 2649 1223 2720 emendate

159 2759 318 2852 scriptam
348 2772 450 2852 puto,
473 2772 599 2828 utnon
621 2755 727 2827 solum
751 2754 874 2826 AEmilii
895 2755 995 2824 Probi
1015 2757 1114 2841 vitae,
1141 2777 1223 2848 quas

159 2863 337 2956 Epitomen
350 2865 489 2959 Nepotis
503 2887 574 2934 esse
587 2861 665 2932 alibi
676 2860 955 2959 probabimus,ad
968 2885 1040 2930 earn
1052 2859 1222 2942 sordeant,

159 2967 237 3056 sed,
249 2995 317 3040 uno
335 2969 407 3040 solo
422 2971 581 3042 Suetonio
596 2984 751 3065 excepto,
764 2967 846 3038 nihil
860 2980 932 3038 toto
947 2968 1043 3038 Latio
1057 2966 1222 3036 inveniam

158 3077 321 3164 mnus,
342 3091 376 3148 et
390 3102 451 3147 suo
469 3076 614 3172 quodam
634 3077 732 3171 genio
749 3072 938 3146 absolutius.

605 3281 774 3363 IDEM,

509 3461 575 3508 ara.
605 3461 672 3526 mr,
700 3462 776 3508 cir.
810 3441 867 3523 14.

211 3623 398 3710 Datamen,
419 3623 568 3692 omnium
597 3620 814 3691 barbarorum
844 3635 921 3716 post
946 3622 1163 3694 Hannibalem
1191 3639 1225 3692 et

162 3727 384 3796 Hamilcarem
408 3727 642 3812 fortissimum,
664 3728 725 3796 nisi
745 3725 831 3796 libro
848 3726 1005 3822 peculiari
1029 3727 1225 3798 celebrasset

162 3832 310 3902 AEnrilius
328 3833 472 3922 Probus,
493 3834 649 3929 pleraque
667 3834 778 3903 omnia
800 3834 870 3927 ejus
889 3834 1036 3904 facinora
1056 3838 1224 3929 ignorare·

160 3961 242 4008 mus.
264 3941 365 4010 Initio
384 3941 454 4034 ejus
472 3943 549 4010 vitre
566 3939 655 4034 apud
674 3940 821 4009 Probum
841 3938 984 4034 legitur:
1007 3943 1142 4034 Deque
1159 3939 1226 4008 lroe

156 4045 288 4134 phara,
313 4060 375 4116 etc.
401 4049 559 4118 Ceterum
579 4047 665 4116 etin
687 4045 751 4114 hnc
769 4059 804 4114 et
820 4045 855 4113 in
877 4043 949 4114 aliis
975 4045 1130 4114 omnibus
1149 4046 1226 4115 vitis

162 4145 228 4220 duo
244 4151 367 4222 diversi
386 4155 564 4248 scriptores
583 4153 725 4222 maxime
742 4165 920 4246 apparent,
938 4151 1111 4246 quodmon
1130 4166 1223 4248 pote·
