3284 5150
611 521 850 590 ATTICUS.
1185 519 1257 592 265

203 635 443 736 subscribens⁵,
462 653 637 720 accusavit.
652 655 692 722 ln
707 637 781 746 jus‘
801 653 843 722 de
863 675 921 720 sua
945 675 981 720 re
1001 675 1170 747 nunquam
1191 653 1228 722 iit
1250 705 1259 740 ,

199 756 360 851 judicium
380 753 507 825 nullum
526 757 650 827 habuit.
670 756 854 828 Multomm
872 755 1044 826 consulum
1062 771 1259 853 pratorum·

203 887 269 957 que
285 862 496 957 praefecturas
517 860 660 932 delatas⁷
684 865 730 934 sic
748 864 892 958 aceepit,
908 877 945 930 ut
960 865 1124 932 neminem
1141 865 1175 932 in
1189 889 1262 957 pro·

205 970 346 1037 vinciam
370 969 411 1036 sit
433 983 590 1050 secutus,
611 969 738 1038 lionore
766 968 865 1038 fiterit
883 982 1074 1056 contentus,
1093 970 1140 1037 rei
1161 968 1259 1038 fami·

206 1071 293 1142 liaris
302 1073 488 1168 despexerit
498 1073 653 1144 fructum.
672 1075 740 1164 Qui
754 1099 796 1142 ne
809 1099 886 1143 cum
901 1075 944 1163 Q.
956 1073 1087 1168 quidem
1099 1076 1261 1144 Cicerone

206 1177 346 1248 voluerit
357 1181 405 1248 ire
425 1181 458 1248 in
473 1181 599 1266 Asiam,
620 1204 723 1274 quum
744 1179 834 1275 apud
853 1205 929 1249 eum
951 1179 1049 1275 legati
1068 1179 1177 1250 locum
1197 1180 1260 1249 olr-

206 1287 310 1354 tinere
318 1299 436 1380 posset.
449 1287 527 1354 Non
541 1288 629 1355 enim
640 1285 756 1355 decere
770 1311 804 1354 se
816 1285 1055 1372 arbitrabatur,
1066 1311 1168 1380 quum
1184 1311 1263 1381 praa-
1332 1305 1334 1308 ·

207 1405 315 1459 turam
333 1415 447 1486 gerere
467 1389 640 1480 noluisset,
661 1378 839 1461 asseclam⁸
857 1417 927 1462 esse
946 1393 1104 1486 praetoris.
1129 1394 1208 1480 Qua
1228 1394 1261 1460 in

207 1521 244 1564 re
257 1522 324 1566 non
340 1495 447 1566 solum
459 1495 611 1592 dignitati
626 1498 805 1585 serviebat,
821 1498 878 1568 sed
896 1499 994 1568 etiam
1017 1497 1263 1592 tranquillitati,

207 1627 309 1695 quutn
329 1603 529 1698 suspiciones
551 1627 683 1697 quoque
698 1605 817 1673 vitaret
834 1605 1008 1674 eriminum
1015 1601 1037 1670 ⁹.
1053 1606 1133 1692 Quo
1145 1603 1263 1688 fiebat,

209 1708 338 1801 atejus
364 1708 608 1778 observantia¹⁰
631 1709 784 1778 omnibus
806 1725 890 1779 esset
918 1711 1041 1795 carior,
1068 1734 1171 1803 quum
1191 1733 1263 1778 eam

209 1813 335 1901 officio,
348 1837 416 1883 non
431 1816 540 1884 timori
564 1839 671 1909 neque
683 1817 752 1911 spei
772 1815 872 1884 tribui
887 1814 1045 1884 viderent.

262 1921 340 1990 VII.
353 1918 475 1990 Incidit
489 1922 713 1990 Caesarianum
728 1919 822 1992 civile
843 1919 965 1990 bellum
976 1919 999 2008 ¹,
1013 1945 1115 2014 quum
1128 1919 1266 1990 haberet

209 2051 313 2096 annos
332 2028 461 2095 circiter
474 2028 650 2121 sexaginta.
668 2028 756 2097 Usus
768 2042 818 2097 est
828 2028 931 2096 aetatis
945 2029 1115 2097 vacatione
1123 2024 1145 2112 ²,
1160 2049 1265 2120 neque

210 2157 246 2202 se
263 2155 430 2226 quoquam
444 2134 549 2202 movit
562 2157 603 2200 ex
617 2132 708 2201 urbe.
726 2135 810 2221 Quae
825 2134 937 2202 amicis
957 2134 1023 2202 suis
1035 2157 1119 2226 opus
1136 2131 1267 2200 fuerant

210 2239 252 2308 ad
274 2239 466 2332 Pompeium
486 2237 785 2332 proficiscentibus,
807 2241 918 2308 omnia
934 2261 974 2305 ex
987 2261 1047 2306 sua
1061 2262 1098 2306 re
1116 2236 1265 2305 familiari

211 2343 309 2413 dedit.
331 2345 445 2438 Ipsum
465 2345 658 2439 Pompeium
678 2329 913 2437 conjunctum³
928 2367 994 2412 non
1013 2341 1171 2412 offendit:
1189 2339 1266 2411 nul-

211 2552 348 2624 publioum
366 2564 398 2605 ut
419 2562 545 2624 praestet3
561 2549 623 2606 inde
636 2571 719 2623 quum
762 2549 860 2604 deferri
879 2550 968 2605 solitas
988 2571 1003 2604 a
1018 2551 1186 2619 oonsulibus,
1199 2567 1267 2622 prrs-

212 2630 371 2703 respondet,
391 2629 490 2684 dieitur
500 2651 574 2702 proes.
604 2621 719 2684 2⁰Man·
762 2632 917 2696 toribus,et
932 2631 965 2684 ab
978 2630 1138 2703 imperatore
1151 2631 1178 2682 in
1193 2649 1267 2683 exer·

213 2731 279 2782 repa,
297 2711 368 2782 quis
381 2710 482 2783 populo
498 2709 598 2781 aliquid
613 2709 720 2763 redimit
763 2711 826 2764 citu.
848 2743 889 2754 -
910 2711 1008 2762 Honore
1034 2712 1114 2777 fuerit
1137 2721 1266 2762 mantin.

213 2804 259 2844 aut
269 2789 453 2855 oondueitaits
461 2801 548 2842 sutem
555 2788 720 2861 dictusquod
764 2791 853 2844 Oblati
867 2789 966 2843 scilieet
978 2789 1104 2842 muneris.

214 2871 243 2923 in
258 2871 450 2924 licitationibus
468 2869 571 2922 sublata
592 2887 674 2924 manu
693 2889 721 2924 ae
805 2871 831 2922 8.
855 2870 986 2922 Asseelars.
1012 2869 1139 2939 Legatum
1162 2868 1267 2922 seilicet.

215 2949 357 3021 emptionis
371 2949 721 3022 auctoremesseprolitere·
811 2968 838 3018 9.
865 2948 1004 3002 Crr'rns‘rsnrt.
1033 2947 1193 3019 Cupiditatis
1217 2947 1267 3000 sci·

215 3028 721 3086 tnr.VideEsnest.inclsreCic.ltisoe
764 3029 841 3094 lieet,
854 3028 1010 3100 rapacitatis.
1037 3027 1107 3080 llinc
1127 3027 1268 3098 repetunda·

214 3111 334 3163 roribus.
351 3109 523 3162 Publisornrn
537 3121 624 3162 sutem
639 3109 721 3162 vecti·
764 3127 815 3160 ram
830 3113 865 3160 m'
887 3107 1052 3180 magistratus
1064 3104 1228 3161 dicebantur.

215 3189 313 3260 galium
322 3187 721 3260 redemmionemquumiacie·
808 3187 1184 3242 summasunmna
1192 3187 1268 3240 ratio.

216 3269 281 3320 lssnt
294 3268 441 3339 publicani,
453 3280 569 3340 spectare
579 3269 667 3339 Nepos
681 3269 722 3320 vi·
804 3268 869 3321 Car.
890 3267 953 3320 vll.
973 3285 996 3320 t.
1017 3267 1181 3320 Coesariemue
1202 3265 1269 3320 risile

217 3345 305 3399 detur.
327 3347 449 3413 Quorum
468 3360 556 3401 tamen
573 3349 674 3402 socium
695 3359 723 3400 et
765 3347 860 3400 bellum
877 3348 979 3418 Dequo
990 3347 1094 3418 scripsit
1109 3346 1166 3418 ipse
1174 3347 1269 3402 Cesar.

216 3426 545 3500 vectigalinmpsrtieipem
554 3428 669 3480 Atticum
680 3427 723 3480 lu·
758 3429 761 3434 “
808 3447 833 3480 a.
848 3425 1271 3482 AEtatisoneatioae.1dest,sexa·

217 3507 268 3560 isse
282 3507 418 3572 nonnulli,
429 3525 461 3560 ex
477 3507 613 3561 Cioeronis
623 3505 656 3560 ad
668 3508 722 3560 Att.
764 3507 904 3578 geramus,
920 3505 1002 3558 aetatis
1017 3505 1111 3558 habuit
1125 3505 1270 3558 excusatio·

217 3586 302 3658 Epist.
317 3587 346 3651 1,
362 3605 411 3656 19,
420 3598 447 3640 et
455 3588 499 3653 11,
516 3586 549 3639 1⁵
561 3623 569 3650 ‚
583 3585 722 3658 eolligunt,
766 3603 840 3650 nem,
849 3604 883 3638 ne
895 3605 922 3639 se
931 3586 1051 3657 partibus
1061 3585 1189 3638 miseeret.
1202 3585 1272 3638 «Lex

217 3666 333 3737 ltineqne
348 3665 478 3738 Nepotem
494 3664 699 3738 reprehendunt.
766 3666 1008 3737 aquinquagesirno
1018 3682 1088 3718 anno
1098 3665 1209 3716 militem
1216 3681 1271 3719 non

259 3746 286 3800 ὅ.
301 3745 460 3799 Subscribeas.
469 3745 667 3818 subscriptione
676 3762 724 3799 sua
766 3745 852 3816 cogit,
864 3763 878 3797 s
890 3744 1050 3816 sexagesimo
1060 3755 1206 3797 senatorem
1215 3760 1270 3796 non

218 3825 325 3879 alterius
337 3826 528 3880 sarmationem
538 3825 641 3896 jurans.
766 3824 837 3878 citat.
850 3850 861 3871 ι
876 3823 966 3877 Seuer.
975 3821 1009 3876 de
1018 3823 1095 3876 lla-er.
1108 3823 1155 3875 rit.
1166 3823 1271 3874 XX.-

254 3909 281 3960 6.
303 3906 333 3970 {n
345 3909 415 3976 jus...
427 3923 545 3978 arnapam
557 3907 598 3965 r'ie,
611 3905 725 3972 juditium
767 3903 951 3958 Moritesnrbe.
960 3903 1021 3954 Non
1033 3901 1062 3954 in
1075 3913 1159 3954 casm
1171 3899 1272 3972 profer·

218 3985 309 4037 nullm
323 3985 414 4038 tatur.
435 3983 467 4037 ld
479 3995 532 4048 est,
551 4001 638 4055 neque
654 3983 685 4036 iit
696 3983 724 4036 in
768 3997 811 4037 tus
824 3997 877 4048 est,
899 4001 926 4036 se
941 3994 1029 4034 sutem
1044 3980 1176 4034 continuit
1188 3978 1269 4033 dorni.

216 4066 272 4133 jus,
288 4083 374 4136 neque
388 4064 444 4136 ipse
458 4063 523 4116 alios
537 4063 650 4116 vocarit.
810 4065 835 4116 3.
850 4062 1007 4132 Conjuaetuss
1016 4057 1079 4124 (alii,
1087 4079 1134 4112 nou
1142 4056 1271 4130 junctura).

260 4161 288 4211 7.
310 4145 420 4198 Delam.
443 4141 474 4196 Id
487 4155 541 4210 est,
557 4143 724 4215 profecturas
769 4142 1083 4213 cognatione'junotsrm.
1106 4139 1179 4194 Gens
1202 4140 1273 4194 enim
