3282 5156
416 483 491 556 320
581 481 807 552 JOANNIS
833 481 989 552 ttENR„
1017 481 1304 551 SCHLEGEL

413 615 464 680 tv,
485 614 538 682 ss,
558 613 604 667 unt
627 613 768 684 tmpus
788 609 895 664 comeus
910 607 1104 682 depingens
1123 610 1208 664 amm
1227 629 1277 664 mo
1296 611 1476 668 mans.

412 693 606 748 veronensium
627 709 718 746 rerum
738 692 879 762 scriptores
896 691 1057 744 recentiores
1080 689 1192 744 Comus
1209 691 1323 762 petriam
1339 691 1477 762 assignant

413 773 568 838 Hostiliam,
581 769 712 844 oppidum
722 771 750 824 in
758 789 820 842 agro
834 769 999 836 Veronensi,
1014 767 1087 840 quoti
1098 787 1171 822 nunc
1188 770 1297 839 Osts'gis's
1316 771 1476 841 appellatur.

412 853 536 906 Testatur
557 851 695 923 Oouplrisu
710 850 841 903 Psnvs'niur
856 847 1032 918 Veronensis,
1052 849 1080 902 iu
1098 849 1215 920 catalogo
1231 849 1374 902 illustrium
1388 851 1476 922 scrip-

413 943 502 984 torum
512 930 721 995 veronensium,
735 929 805 983 cives
814 947 875 983 suos
892 927 1003 982 Cornelio
1014 928 1118 998 Nepoti,
1131 939 1256 999 tanquam
1267 927 1474 1000 permulcenti,

412 1011 482 1064 inter
504 1010 568 1063 alios
589 1011 703 1064 illustres
722 1009 888 1062 veronenses
909 1008 1016 1080 publice
1038 1008 1193 1062 auctoritate
1213 1019 1327 1060 statuam
1345 1009 1473 1080 posuisse.

412 1089 493 1156 Quod
506 1091 542 1142 ob
556 1108 661 1142 morum
675 1089 755 1142 etism
769 1087 930 1161 probitatem
948 1087 977 1140 iu
992 1103 1085 1158 magna
1104 1086 1297 1141 existimatione
1313 1087 1392 1140 fuerit
1408 1087 1473 1140 Cor·

414 1169 501 1232 selim,
517 1169 650 1240 egregium
667 1169 780 1221 hebetur
793 1167 871 1220 Pls'uis'
884 1165 1072 1220 testimouium.
1094 1167 1121 1220 Is
1134 1167 1218 1232 enim,
1237 1179 1268 1219 ut
1281 1167 1473 1220 versiculorum

412 1267 519 1302 suorum
535 1249 671 1302 liberiores
683 1251 756 1319 jocos
770 1246 894 1317 lususque
911 1257 1062 1310 excusaret,
1076 1245 1105 1298 in
1126 1245 1235 1317 epistole
1247 1243 1282 1299 ad
1300 1246 1473 1312 Aristonem,

412 1329 449 1392 V,
466 1329 493 1394 3,
508 1327 663 1382 clarissimos
683 1337 819 1380 enumeret
838 1325 907 1378 inter
927 1326 1060 1378 Romanos
1079 1325 1173 1389 viros,
1189 1325 1360 1401 imperatores
1375 1325 1471 1392 etiam,

412 1407 558 1473 Cassurem,
581 1409 745 1478 Augustum,
770 1405 901 1470 Nervam,
921 1401 1013 1456 eadem
1030 1403 1136 1458 licentia
1157 1422 1236 1468 usos,
1256 1417 1283 1458 et
1308 1405 1343 1457 ita
1364 1404 1471 1475 pergit:

416 1511 428 1532 ι
443 1485 576 1540 Neronem
594 1485 666 1538 enirn
679 1497 799 1549 transeo,
818 1483 937 1556 quamtis
955 1484 1048 1549 sciam,
1070 1501 1126 1536 non
1143 1483 1279 1554 corrumpi
1295 1483 1324 1536 in
1338 1481 1470 1551 deterius,

416 1591 428 1612 ι
442 1584 500 1637 qun
513 1563 654 1636 aliquando
666 1565 745 1618 etiam
754 1583 768 1616 a
780 1565 868 1629 malis,
883 1561 929 1616 sed
940 1563 1050 1616 honesta
1060 1580 1181 1628 monere,
1196 1579 1255 1634 quse
1265 1561 1382 1634 sepinsa
1392 1565 1470 1617 bonis

416 1671 428 1692 ι
441 1645 518 1697 liunt.
534 1645 607 1698 Inter
620 1663 686 1715 quos
698 1643 740 1696 rel
760 1643 892 1714 precipue
904 1639 1083 1696 numerandus
1096 1655 1134 1694 est
1148 1641 1177 1694 Ρ.
1186 1641 1330 1712 Virgilius,
1344 1643 1470 1696 Cornelius

416 1749 428 1772 ι
443 1724 535 1794 Nepet,
558 1735 584 1776 et
603 1723 677 1795 prius
697 1723 976 1793 Ennius-Acciusque3
1002 1741 1057 1776 non
1077 1717 1185 1792 quidem
1207 1721 1236 1774 hi
1258 1732 1404 1788 senatores,
1422 1723 1470 1776 sed

416 1827 428 1850 ι
441 1807 555 1854 sanctitas
570 1821 659 1854 monam
677 1819 732 1854 non
754 1799 835 1854 distat
855 1799 1002 1854 ordinibus.
1019 1825 1030 1848 ι
1065 1799 1164 1852 Vossius
1185 1801 1291 1865 asserit,
1314 1799 1469 1856 Cornelium

411 1882 505 1934 reterri
519 1881 553 1933 ab
567 1881 714 1952 Hieronymo
727 1881 755 1933 in
767 1879 885 1934 Chronico
898 1880 1036 1933 Eusebium
1051 1877 1197 1932 etiannum
1211 1880 1323 1952 Augusti
1335 1894 1467 1951 querturn.

410 1959 478 2013 lude
493 1961 548 2014 sine
560 1959 643 2013 dubio
655 1959 812 2013 clarissimus
830 1959 864 2013 G.
882 1960 912 2013 C.
925 1959 1086 2030 Hamberger,
1107 1959 1155 2030 qui
1169 1959 1309 2030 scriptores
1327 1960 1422 2012 veteris
1441 1974 1469 2015 et

409 2037 493 2092 medii
509 2039 558 2092 evi
580 2040 662 2093 mults
681 2058 743 2092 cum
761 2037 897 2111 diligentia
918 2039 1066 2102 recensuit,
1091 2035 1214 2092 inductus
1240 2039 1382 2109 perhibet,
1402 2041 1467 2094 alios

409 2117 530 2172 Cornelii
553 2130 666 2172 mortem
692 2117 726 2171 ad
746 2119 876 2190 primum,
901 2119 965 2172 alios
987 2118 1020 2173 sd
1042 2117 1203 2182 secundum,
1220 2118 1285 2172 alios
1303 2117 1336 2172 sd
1356 2131 1467 2191 quantus

409 2199 520 2269 Augusti
542 2215 640 2251 annum
655 2199 764 2251 referre.
786 2199 845 2264 Qua
865 2199 1019 2252 auctoritate
1038 2198 1176 2265 suffultus,
1195 2199 1295 2252 nescio.
1317 2197 1349 2250 td
1372 2197 1466 2266 rideo,

409 2277 558 2350 ambiguam
577 2291 605 2332 et
624 2278 733 2330 minime
752 2277 952 2330 convenientem
971 2295 1026 2330 esse
1045 2277 1188 2342 rationem,
1205 2295 1288 2330 annos
1305 2277 1339 2330 ab
1352 2279 1465 2348 imperio

409 2357 520 2428 Augusti
532 2356 718 2430 computandi,
736 2357 788 2410 nisi
803 2358 930 2410 terminus
947 2355 1088 2410 deliniatur
1104 2369 1148 2410 aut
1166 2375 1180 2410 a
1193 2357 1376 2422 triumviratu,
1393 2371 1465 2411 anta

409 2455 497 2509 pugna
508 2437 624 2503 letiam
637 2449 710 2490 anta
725 2435 812 2490 delato
827 2437 936 2508 Augusti
952 2437 1068 2490 nomine.
1085 2435 1220 2490 Cleonicus
1234 2436 1395 2490 Eusebium
1408 2455 1464 2492 non

409 2527 521 2568 mortem
541 2517 653 2569 auctoris
673 2517 757 2570 nostri
772 2514 884 2580 indicet,
899 2513 944 2568 sed
964 2529 1067 2588 tempus
1093 2534 1147 2586 quo
1165 2517 1275 2568 maxime
1297 2513 1397 2570 floruit.
1420 2515 1464 2570 Sic

407 2596 478 2648 enim
491 2595 571 2648 verba
584 2609 698 2650 sonant:
717 2621 728 2642 ι
739 2595 877 2650 Octaviani
890 2596 992 2666 imperii
1005 2615 1075 2648 suno
1086 2607 1197 2666 qusrto,
1215 2594 1374 2666 Olympiade
1396 2597 1466 2664 18⁵,

411 2675 573 2728 «Cornelius
588 2675 677 2747 Nepos
697 2677 809 2746 scriptor
821 2675 962 2728 historicus
973 2676 1057 2728 clarus
1071 2675 1192 2729 habetur.
1203 2701 1214 2722 ι
1240 2673 1327 2727 Credo
1342 2673 1464 2746 equidem

407 2751 442 2806 de
456 2753 562 2807 Cornelii
580 2767 666 2808 morte
679 2754 745 2808 nihil
762 2755 827 2808 oetti
843 2753 969 2806 affirmari
991 2773 1078 2826 posse,
1099 2767 1125 2807 et
1140 2755 1200 2808 satis
1215 2771 1270 2806 esse
1285 2753 1375 2819 nobis,
1390 2752 1464 2826 quoti

408 2831 476 2886 Meis
495 2845 521 2886 et
535 2833 632 2886 Plinius
646 2846 810 2886 memorent:
834 2833 912 2885 -Sub
929 2831 984 2886 divi
1004 2834 1115 2904 Augusti
1136 2833 1283 2904 principatu
1303 2833 1377 2887 obiit.
1390 2860 1401 2881 .
1430 2833 1463 2886 id

407 2931 471 2966 vero
484 2913 583 2984 liquet,
598 2914 676 2966 fuisse
693 2913 828 2966 Cornelium
839 2913 1005 2984 superstitem
1019 2931 1089 2965 anno
1101 2912 1180 2965 Urbis
1191 2931 1264 2982 7¹¹·
1280 2913 1330 2966 Cn.
1346 2913 1463 2966 Domitio

406 3003 433 3044 et
448 2991 479 3046 C.
496 2992 569 3046 Sosio
585 2993 758 3056 Consulibus,
773 2994 819 3064 qui
839 3005 877 3044 est
892 3009 975 3044 annus
987 3005 1047 3063 post
1058 2992 1153 3044 initum
1168 2991 1362 3046 triumuiratum
1378 2989 1464 3045 unde·

406 3071 507 3136 cimus,
522 3083 548 3124 et
561 3084 621 3124 ente
633 3089 711 3124 arram
723 3085 840 3125 nosuam
850 3071 998 3142 trigesimus
1009 3069 1154 3136 secundum
1166 3089 1198 3122 eo
1213 3071 1284 3124 euius
1299 3089 1369 3124 anno
1382 3071 1461 3124 Pom·

406 3151 501 3221 ponius
513 3151 620 3204 Atticus
626 3149 751 3217 decessit,
765 3164 791 3205 et
804 3150 942 3206 Cornelius
951 3152 1010 3206 rite
1024 3151 1080 3221 ejus
1094 3150 1180 3222 capita
1190 3163 1303 3222 quatuor
1316 3151 1462 3222 posteriora

405 3227 508 3299 adjecit.

445 3308 519 3372 Quos
531 3309 652 3378 qualesve
666 3309 748 3362 tihms
765 3307 889 3362 Cornelius
904 3309 1103 3382 conscripserit,
1115 3312 1210 3382 partim
1222 3309 1278 3381 ipse
1287 3325 1336 3362 nos
1345 3308 1423 3362 docet
1433 3311 1460 3363 in

403 3385 468 3439 locis
482 3385 639 3457 quibusdam
657 3407 750 3442 eorum
772 3391 817 3459 qui
833 3387 866 3441 ad
882 3402 984 3442 nostras
994 3407 1138 3460 pervenere
1153 3407 1260 3454 manus,
1272 3389 1369 3461 purtim
1383 3391 1461 3442 etiam

403 3485 419 3518 e
431 3465 600 3520 citationibus
614 3480 734 3521 veterum
749 3481 857 3540 apparet
871 3469 931 3522 setis
947 3469 1136 3540 frequentibus.
1152 3469 1206 3522 lias
1221 3487 1314 3540 magna
1327 3467 1460 3540 diligentis

401 3546 452 3598 sub
465 3545 671 3616 fragmentorum
686 3548 794 3601 nomine
807 3548 911 3619 collegit
927 3549 1040 3600 Andreas
1051 3549 1175 3608 Solonas,
1186 3549 1382 3620 Antterpiensis
1396 3547 1460 3600 doc·

404 3625 516 3680 tissimus
529 3625 577 3679 eS.
588 3627 603 3678 J
607 3666 628 3690 .,
642 3644 722 3700 quam
732 3627 912 3681 collectionem
924 3627 1021 3682 editam
1034 3627 1110 3681 video
1117 3628 1283 3680 rmooturrt
1295 3646 1366 3680 anuo
1375 3627 1459 3681 1608.

402 3703 529 3758 Eamtletu
550 3707 621 3760 ausit
635 3718 725 3778 postea
742 3708 832 3778 paucis
851 3709 879 3760 in
899 3708 962 3760 locis
978 3708 1004 3760 J.
1024 3708 1060 3761 A.
1081 3709 1181 3769 Rosius,
1200 3707 1332 3778 professor
1343 3707 1460 3760 ienensis

401 3803 472 3838 anno
491 3785 574 3854 1657.
1406 3837 1408 3842 .

441 3865 544 3917 Diserte
562 3865 706 3937 allegentur
722 3867 897 3931 aveteribus,
913 3866 981 3919 Aulo
996 3867 1141 3937 presertim
1164 3865 1257 3928 Gellio,
1276 3865 1337 3920 libri
1355 3863 1460 3918 Cironi-

402 3961 481 3995 eorum
495 3961 544 4016 per
561 3943 695 3998 Cornelium
709 3946 832 4017 Nepotem.
853 3945 902 3998 Ille
913 3945 1001 4011 enim,
1019 3945 1135 4000 Noctibus
1150 3947 1240 4000 Atticis
1252 3982 1260 4011 ‚
1270 3946 1362 4010 XVII,
1373 3963 1395 3998 c.
1407 3963 1460 4008 ss,

401 4033 442 4074 ter
456 4021 545 4078 laudat
562 4023 713 4089 Cornelium
725 4026 780 4078 imo
795 4037 851 4079 toto
863 4025 915 4078 boc
927 4025 1014 4096 capite
1022 4023 1055 4078 ad
1067 4045 1128 4080 eum
1142 4026 1304 4096 potissimum
1317 4024 1460 4096 respexisse

400 4099 514 4160 videtur.
534 4105 617 4164 Dicit,
633 4123 661 4160 se
676 4108 833 4176 excerpsisse
847 4105 965 4171 elibris,
981 4106 1028 4177 qui
1043 4105 1156 4160 Biturici
1169 4105 1348 4178 appellentur,
1361 4103 1460 4177 quibus
