3282 5156
409 517 483 591 338
577 510 803 584 JOANNIS
830 501 983 577 HENR.
1012 507 1294 576 SCHLEGEL

408 659 496 703 somni.
522 648 607 717 Aptus
630 644 658 696 in
673 642 744 694 hunc
759 640 848 693 locum
865 637 1068 692 commentarius
1083 648 1123 691 est
1138 645 1210 690 totus
1222 635 1387 704 herodotus,
1405 657 1467 692 aen·

407 727 496 782 tentiis
510 725 610 796 quippe
624 722 790 776 cuculorum
805 719 930 790 repletus.
956 717 1099 782 Monstrat,
1118 716 1225 770 Grecos
1246 734 1338 770 ornnes
1351 719 1467 772 oremus

406 807 552 880 plurimum
565 803 700 867 tribuisse;
710 800 814 854 nullutn
830 817 893 852 vero
906 798 976 851 inter
990 815 1035 850 eos
1048 797 1179 868 populum
1192 808 1264 848 tanta
1279 797 1467 868 sepetiticare

406 889 439 940 ab
457 885 623 938 oraculorum
632 881 716 936 effatis
730 876 886 952 pependisse
891 896 936 940 ,ac
949 874 1169 933 Lacedaemonios
1186 875 1358 930 Instituerunt
1371 895 1468 931 onen-

406 967 495 1018 lorum
510 965 593 1037 gratia
605 962 735 1033 singulare
750 975 854 1011 munus.
880 959 1029 1010 Utebsntur
1042 957 1140 1009 sedicet
1159 954 1264 1009 duobus
1274 957 1384 1028 Pytbiis,
1397 975 1468 1029 quos

406 1046 524 1115 Delphos
537 1041 571 1096 ad
583 1037 743 1115 exploranda
755 1037 879 1092 vatiduia
889 1037 994 1090 mittere
1005 1036 1135 1101 solebant;
1150 1047 1215 1088 teste
1223 1034 1371 1098 Herodoto,
1383 1037 1401 1088 l.
1409 1037 1468 1103 Vl,

406 1146 434 1198 p.
448 1131 513 1190 too.
534 1121 586 1176 Sed
601 1131 753 1192 corruptam
770 1133 963 1189 nonnunqum
978 1117 1058 1169 inisse
1065 1116 1195 1187 Pytb'au,
1211 1113 1290 1168 docet
1300 1113 1467 1169 idemllero-

407 1205 500 1268 dotus,
516 1203 606 1275 l.V,p.
623 1201 693 1264 364,
710 1212 737 1254 et
752 1200 805 1262 VI,
818 1217 845 1270 p.
860 1203 913 1260 ios
931 1209 958 1248 et
970 1197 1036 1260 soe.

446 1286 494 1338 lx.
515 1283 609 1354 Agesil.
625 1281 708 1342 VIII,
726 1279 751 1332 5.
773 1279 915 1347 Ignorantia
929 1276 1043 1328 domm
1062 1293 1147 1327 rem.
1167 1274 1242 1327 Inter
1253 1273 1358 1328 Grecos
1373 1291 1468 1346 etque,

406 1383 437 1418 ac
452 1365 515 1416 alios
529 1363 575 1432 qui
590 1362 733 1431 elegantem
744 1357 901 1410 affectabant
911 1354 1041 1427 populos,
1056 1354 1468 1426 sapientioreseampotiasinun

407 1447 435 1497 in
451 1443 493 1496 his
511 1442 590 1495 rebus
605 1450 763 1512 posuerunt,
778 1454 837 1508 quat
857 1434 890 1488 ad
913 1435 1031 1488 animum
1049 1433 1230 1506 effingendnns
1247 1435 1395 1505 pertinent,
1417 1434 1469 1488 sed

407 1524 527 1596 plerique
541 1519 613 1574 hand
632 1520 719 1572 minus
732 1517 759 1570 in
775 1517 840 1580 illis,
865 1533 925 1587 quu
944 1513 1149 1586 advoluptateta
1168 1514 1360 1585 luxuriamque„
1382 1515 1470 1569 Nors-

406 1605 471 1656 bant
480 1601 590 1654 vocibus
598 1600 730 1668 ἀβιλτιρία
737 1635 745 1662 ,
753 1597 911 1659 ἀναισθησία,
921 1595 1043 1648 homines
1053 1613 1067 1646 a
1079 1593 1230 1664 cognitione
1242 1606 1287 1646 aut
1297 1612 1373 1648 sensu
1385 1595 1473 1648 boua-

406 1701 468 1736 rurn
477 1699 566 1733 rerum
575 1679 688 1743 alienos,
704 1674 785 1746 idque
797 1674 916 1728 similiter
926 1712 934 1740 ,
946 1693 975 1727 ac
984 1685 1104 1726 nostram
1114 1672 1274 1737 omme,
1292 1673 1380 1743 surg,
1394 1672 1470 1728 cadit

406 1779 480 1832 uque
495 1761 523 1812 in
538 1754 671 1830 eogitsndi
690 1773 720 1809 ac
735 1756 763 1806 in
780 1753 910 1808 sentiendi
929 1754 1066 1806 rationem.
1077 1753 1157 1806 *Pari
1172 1751 1253 1806 modo
1270 1753 1471 1826 inte-pretende

407 1853 469 1894 sunt
479 1840 559 1890 verbu
569 1854 628 1908 quse
637 1832 807 1908 precedunt:
818 1833 941 1886 Hominis
949 1853 997 1886 nors
1005 1833 1134 1885 beatissimi
1142 1833 1319 1903 suspicionem
1329 1834 1470 1905 preberet.

406 1921 506 1972 lietera
521 1918 603 1968 besem
623 1913 676 1968 dici
691 1925 807 1966 meretur
834 1913 870 1980 is,
896 1913 942 1986 qui
966 1929 1069 1966 summo
1095 1911 1176 1966 enimi
1191 1913 1286 1979 bono,
1304 1913 1470 1984 frugalium,

407 1998 514 2051 fruitur.
535 1994 587 2049 Sed
601 1993 737 2066 usurparit
751 1993 830 2046 etiam
856 1993 991 2046 iuvenalis
1008 2010 1112 2059 rocem,
1135 2009 1167 2044 ex
1185 2009 1261 2046 more
1275 1995 1471 2063 nomena,

408 2096 458 2149 pro
474 2076 570 2142 divite,
585 2093 632 2132 seu
645 2074 722 2127 bonis
739 2072 853 2126 externis
867 2071 999 2125 affluente.

449 2157 483 2209 X.
507 2156 607 2211 &tonis
621 2173 677 2226 cap.
691 2155 746 2218 111,
758 2150 943 2206 describuntur
953 2153 1009 2222 ejus
1021 2151 1146 2220 Onffim,
1160 2169 1206 2204 seu
1217 2151 1334 2206 historie
1343 2153 1471 2204 nom-2
1532 2211 1538 2226 ι

408 2237 470 2290 libri
484 2249 591 2308 septem.
613 2234 725 2288 Librum
743 2233 816 2284 hunc
831 2232 933 2302 magnis
949 2231 1051 2284 extollit
1063 2229 1187 2284 laudibus
1200 2231 1310 2298 Cicero,
1330 2229 1376 2284 sed
1390 2229 1470 2285 docet

409 2317 503 2381 simul,
527 2317 646 2385 jamenu
668 2325 787 2383 tempore
806 2308 912 2364 fastidio
933 2310 1011 2363 luisse
1030 2311 1164 2364 Romanis.
1190 2311 1370 2364 confirmatur
1389 2308 1471 2374 inde,

410 2395 482 2468 quod
501 2395 550 2448 sub
565 2394 672 2446 initium
687 2393 766 2464 hujus
781 2388 972 2443 dissertationis
983 2389 1091 2455 monui,
1107 2389 1230 2443 accidisse
1242 2391 1369 2444 llomanis
1381 2388 1469 2457 itlere¹

409 2474 484 2547 quod
499 2471 570 2546 apud
584 2491 633 2526 nos
644 2472 702 2526 fieri
711 2469 846 2535 ridemus,
860 2481 891 2522 ut
902 2487 952 2541 pro
964 2467 1145 2527 vicissitudine
1159 2481 1308 2541 temporum
1320 2482 1347 2523 et
1357 2471 1470 2541 Ungue,

410 2555 475 2608 boni
490 2570 595 2624 quoqne
608 2552 670 2604 libri
684 2551 865 2622 negliguntur,
881 2547 1060 2614 fastidiantur,
1080 2549 1177 2621 aliique
1188 2549 1216 2602 in
1229 2567 1322 2602 eorum
1334 2549 1422 2604 locum
1434 2547 1468 2602 ad

410 2647 514 2705 tempus
529 2629 684 2696 succedant,
704 2629 814 2682 minoris
828 2630 896 2681 lorte
905 2629 993 2700 pretii.
1014 2629 1087 2681 Utile
1102 2641 1141 2682 est
1150 2629 1271 2682 conferre
1280 2629 1468 2682 usmGomelii

411 2711 588 2783 descriptione
601 2709 735 2764 Ciceronis
748 2706 887 2779 judicium.
902 2707 977 2760 Brut.
994 2725 1017 2760 c.
1033 2726 1066 2776 ¹7
1083 2725 1089 2759 :
1110 2710 1191 2761 elam
1204 2727 1268 2761 run
1282 2709 1396 2780 θυμω
1411 2711 1467 2779 ejus

415 2819 426 2841 ι
436 2811 515 2864 quem
528 2791 635 2856 florem,
647 2801 692 2843 aut
705 2786 778 2860 quod
788 2789 878 2842 lumen
894 2787 1050 2858 eloquentie
1061 2805 1116 2840 non
1129 2787 1244 2840 habent?
1252 2790 1391 2842 Amatores
1403 2788 1468 2842 huic

416 2870 545 2936 admunt,
564 2872 632 2924 siout
647 2869 738 2922 multis
751 2871 804 2938 jem
825 2877 885 2920 ente
908 2867 1001 2920 seculis
1016 2879 1042 2920 et
1061 2866 1172 2921 Philisto
1189 2867 1342 2939 Syracusio,
1369 2880 1396 2920 et
1416 2869 1466 2939 ipsi

415 2977 427 3000 ι
437 2949 600 3021 Thucydidi.
624 2949 693 3001 Nam
710 2960 741 3000 ut
757 2948 854 2999 horum
873 2947 983 2999 concisis
1002 2947 1153 3012 sententiis,
1173 2945 1396 3002 intudumetiarn
1412 2965 1467 3000 nou

416 3057 428 3079 a
438 3032 499 3084 setis
508 3030 618 3100 apertis,
629 3047 712 3100 quum
725 3027 866 3092 brevitate,
880 3039 938 3078 tum
948 3027 1032 3079 nimio
1042 3027 1175 3092 acumine,
1186 3027 1269 3080 officit
1278 3027 1467 3100 Theopompus

417 3105 640 3180 relationemque
658 3105 797 3160 altitudine
814 3105 941 3158 orationis
955 3123 1008 3160 suu
1009 3145 1075 3160 .......
1092 3106 1148 3160 Cur
1167 3105 1248 3178 igitur
1259 3107 1352 3180 Lysias
1370 3118 1396 3160 et
1410 3107 1467 3178 lly-

417 3186 540 3260 sperides
553 3199 672 3250 smaltis,
694 3203 777 3257 quum
794 3185 899 3256 penitus
917 3185 1055 3255 ignoretur
1068 3185 1153 3240 Cato?
1181 3187 1323 3258 Antiquior
1339 3200 1378 3240 est
1390 3187 1467 3256 hujus

417 3293 429 3316 r
439 3285 538 3333 sumo,
558 3281 584 3320 et
599 3265 719 3338 quedem
734 3262 885 3317 horridiora
898 3266 991 3330 rerba;
1015 3266 1051 3318 ita
1066 3265 1137 3318 enirn
1153 3277 1211 3318 urm
1231 3267 1416 3337 loquebantur.
1435 3263 1467 3318 ld

417 3373 428 3394 a
439 3359 513 3399 muta
531 3379 563 3388 -
580 3349 633 3416 jem
645 3345 779 3398 neminem
791 3357 933 3416 antepones
952 3344 1047 3398 Catoni.
1059 3370 1070 3392 s

359 3491 365 3498 ¹
454 3427 529 3478 Hanc
544 3425 680 3479 Ciceronis
692 3422 871 3476 defensionem
881 3424 1027 3495 legentibus
1036 3441 1092 3478 non
1102 3424 1274 3492 eritmirnm,
1289 3426 1397 3480 Catonis
1406 3442 1470 3496 pre·

415 3506 602 3561 stantissimum
616 3523 684 3575 opus
696 3500 853 3574 jamdudum
867 3504 983 3575 periisse.

681 3658 723 3725 V.
749 3655 1006 3727 Observationes
1025 3641 1210 3728 bstortboess

455 3816 529 3870 Nihil
548 3815 630 3886 magis
647 3811 753 3885 expedit
769 3811 803 3865 arl
816 3825 935 3866 auctores
947 3825 1047 3866 veteres
1061 3831 1123 3866 eum
1138 3814 1226 3867 fructu
1239 3813 1327 3886 aliquo
1342 3813 1472 3868 historice

415 3897 571 3968 cognitionis
587 3893 724 3966 legendos,
743 3910 822 3964 qnam
835 3893 946 3944 alterum
960 3910 991 3944 er
1007 3893 1090 3945 altero
1103 3893 1247 3966 explicare,
1266 3894 1394 3966 supplere.
1410 3891 1469 3946 lloc

414 3975 584 4030 commodum
594 3995 610 4027 e
624 3986 860 4028 commentatorum
875 3971 988 4025 maxima
1001 3985 1075 4044 parte
1090 3973 1187 4026 frustra
1203 3987 1373 4046 exspectatur.
1388 3973 1469 4026 Pauci

416 4055 555 4121 intereos,
570 4056 616 4126 qui
627 4052 701 4107 cordi
713 4053 862 4104 babuerunt
872 4069 1028 4122 promovere
1040 4054 1217 4124 cognitionem
1231 4053 1347 4108 historie
1359 4053 1468 4120 veteris,

417 4135 559 4206 ellegerunt
571 4135 643 4188 locos
657 4133 815 4202 scriptorum
828 4129 861 4184 ad
876 4129 996 4186 earndun
1010 4149 1068 4186 ram
1079 4133 1256 4204 pertinentes,
1268 4151 1335 4206 quos
1349 4134 1468 4188 erolrm
