3284 5150
337 410 411 492 244
606 405 874 474 CORNELII
902 403 1129 472 NEPOTIS

334 547 508 616 robustum
517 530 540 630 ³,
559 544 755 615 conciliabat
773 559 901 614 ceteros
914 567 1026 638 reges,
1047 542 1311 638 adjungebatque
1332 545 1396 616 bel·

333 651 451 722 licosas
471 653 629 721 nationes
651 650 839 720 Dissidebat
863 651 906 718 ab
932 675 972 718 eo
995 652 1218 744 Pergamenus
1243 675 1299 719 rex
1323 655 1394 721 Eu-

334 783 447 828 menes
454 745 478 845 ⁴,
497 759 655 826 Romanis
672 759 904 841 amicissimus,
917 754 1106 850 bellumque
1123 757 1212 825 inter
1229 781 1286 826 eos
1303 783 1394 852 gere·

335 864 433 934 batur
445 880 479 933 et
492 866 575 932 mari
590 877 623 932 et
638 878 727 932 terra
746 889 753 930 :
771 887 839 992 spuo
852 864 956 956 magis
969 862 1124 956 cupiebat
1138 888 1215 931 eum
1231 861 1395 932 Hannibal

336 971 487 1066 opprimi.
517 969 581 1039 Sed
600 971 776 1064 utrobique
819 972 984 1038 Eumenes
1007 966 1081 1062 plus
1107 967 1238 1038 valebat
1260 984 1396 1064 propter

335 1078 563 1146 Romanorum
589 1078 813 1146 societatem:
838 1099 937 1168 quem
964 1076 990 1144 si
1013 1077 1238 1161 removisset,·
1252 1075 1396 1148 faciliora

335 1183 397 1252 sibi
415 1196 528 1252 cetera
549 1181 621 1252 lore
641 1180 871 1250 arbitrabatur.
890 1180 941 1248 Ad
963 1180 1054 1249 lrunc
1072 1181 1335 1251 interficiendum
1353 1197 1397 1250 tn-

336 1287 401 1358 lem
420 1289 493 1358 iniit
514 1291 684 1358 rationem.
705 1286 817 1356 Classe
839 1289 954 1381 paucis
972 1286 1088 1356 diebus
1102 1300 1198 1356 erant
1210 1286 1395 1358 decreturi:

337 1396 555 1490 superabatur
574 1395 708 1462 navium
721 1391 954 1462 multitudine:
969 1391 1047 1462 dolo
1063 1378 1147 1462 erat⁶
1165 1393 1398 1488 pugnandum,

337 1527 441 1596 quum
460 1525 520 1595 par
540 1524 608 1569 non
624 1514 711 1569 esset
727 1501 836 1568 armis.
856 1501 1038 1594 Imperavit
1054 1523 1155 1592 quam
1170 1498 1328 1594 plurimas
1343 1525 1398 1568 ve·

337 1621 475 1676 nenatas
488 1622 657 1700 serpentes
671 1607 762 1674 vivas
775 1603 903 1698 colligi,
914 1630 1035 1700 easque
1051 1607 1085 1674 in
1101 1629 1179 1674 vasa
1195 1605 1308 1675 fictilia
1321 1631 1400 1676 con·

334 1716 399 1808 jici.
418 1716 546 1780 Harum
559 1737 661 1806 quum
678 1711 892 1780 confecisset⁷
908 1735 1062 1806 magnam
1074 1711 1335 1800 multitudinem,
1349 1713 1402 1782 die

338 1823 428 1913 ipso,
448 1842 515 1912 quo
537 1817 684 1887 facturus
703 1833 774 1886 erat
793 1814 909 1886 navale
930 1816 1099 1912 praelium,
1118 1817 1301 1888 classiarios
1322 1845 1401 1889 con·

340 1939 469 2010 vocat,
499 1924 615 2018 hisque
637 1924 814 2019 praecipit,
842 1947 957 1993 omnes
981 1939 1019 1992 ut
1045 1926 1079 1992 in
1109 1948 1209 1994 unam
1245 1928 1401 1995 Eumenis

342 2033 428 2125 regis
450 2045 653 2100 concurrant
673 2053 809 2116 navem,
829 2053 848 2096 a
871 2031 987 2098 ceteris
1012 2044 1142 2100 tontum
1164 2033 1242 2100 satis
1258 2031 1403 2101 habeant

342 2163 376 2207 se
395 2135 572 2206 defendere
586 2162 595 2223 ;
607 2135 640 2203 id
653 2133 748 2205 facile
763 2135 835 2205 illos
847 2137 1049 2231 serpentium
1064 2135 1274 2206 multitudine
1287 2163 1401 2208 conse·

342 2258 487 2314 cuturos.
506 2243 578 2310 Rex
597 2256 706 2311 autem
725 2243 760 2310 in
775 2265 839 2336 quo
855 2267 941 2312 nave
954 2243 1149 2328 veheretur,
1164 2257 1200 2312 ut
1217 2247 1355 2330 scirent,
1368 2270 1403 2314 se.

343 2350 507 2419 facturum
523 2373 638 2442 :quem
663 2351 689 2417 si
707 2363 764 2418 aut
783 2351 966 2443 cepissent,
981 2365 1039 2418 aut
1055 2349 1316 2439 interfecissent,
1334 2374 1403 2419 ma·

344 2480 410 2551 gno
429 2456 480 2524 his
496 2452 673 2550 pollicetur
691 2457 826 2550 praemio
841 2455 921 2524 fore.

397 2563 458 2630 xi.
479 2558 551 2629 Tali
570 2560 798 2630 cohortatione
810 2559 948 2630 militum
966 2560 1071 2646 lacta,
1086 2559 1197 2630 classis
1208 2563 1250 2630 ab
1260 2565 1405 2658 utrisque

346 2673 379 2739 in
407 2666 556 2762 prelium
575 2667 760 2755 deducitur.
788 2665 958 2756 Quarum¹
984 2669 1055 2735 acic
1080 2670 1276 2756 constituta,
1298 2673 1404 2765 prius-

347 2799 445 2869 quam
465 2775 593 2868 signum
607 2797 726 2867 pugnae
737 2767 890 2858 daretur,
911 2771 1095 2858 Hannibal,
1108 2788 1146 2841 ut
1159 2773 1267 2867 palam
1286 2775 1408 2846 laceret

348 2883 431 2966 suis,
449 2905 514 2974 quo
530 2878 604 2947 loco
618 2881 783 2948 Eumenes
801 2893 902 2966 esset,
917 2877 1123 2946 tabellarium
1138 2881 1172 2946 in
1191 2882 1312 2976 scapha
1331 2909 1406 2952 cnm

390 3094 418 3147 3.
434 3093 575 3144 Domestrcis
583 3091 651 3142 rebus
668 3093 803 3142 minorare
815 3111 855 3141 ro·
900 3089 1047 3161 Bellumque·
1055 3094 1117 3142 inter
1127 3112 1165 3142 eos
1172 3093 1308 3161 gerebatur.
1327 3091 1407 3159 Quod

350 3175 450 3225 bustum.
460 3171 571 3224 Viribus
585 3170 683 3224 scilicet
695 3171 812 3240 propriis
830 3181 856 3222 et
900 3170 1033 3240 attingunt
1045 3169 1181 3234 lustinus,
1195 3173 1315 3240 XXXII,
1332 3180 1365 3240 4;
1381 3186 1409 3227 et

349 3251 480 3306 intestinis
498 3268 553 3301 uon
573 3251 635 3303 retis
659 3249 747 3302 valere
762 3247 855 3301 adrer-
899 3248 1008 3313 Livius,
1020 3250 1154 3315 XXXIX,
1170 3255 1215 3314 46.

350 3351 395 3386 ens
410 3331 551 3382 Romanos.
942 3328 967 3380 5.
991 3328 1129 3399 Utrobique.
1146 3331 1179 3383 Et
1194 3331 1260 3384 mari
1275 3343 1302 3385 et
1316 3345 1392 3386 terra.

391 3418 419 3476 4.
431 3409 591 3478 Pergamenus
603 3409 654 3460 lies
661 3401 788 3460 Eumenis.
801 3408 855 3461 Cu·
941 3411 967 3461 6.
978 3408 1045 3460 Dolo
1053 3411 1336 3478 erotpugnnndroa,etc.
1348 3412 1406 3464 lloc

349 3495 391 3564 jus
411 3490 482 3542 lilius
499 3488 601 3541 Attalus
614 3487 743 3558 populum
759 3488 856 3540 lloma·
900 3501 1079 3540 commentum
1090 3489 1249 3554 Frontinus,
1259 3491 1309 3556 IV,
1319 3511 1350 3562 7,
1361 3511 1405 3557 ως

351 3589 415 3624 num
436 3569 510 3639 regni
531 3567 572 3621 sui
592 3564 717 3620 heredem
733 3568 855 3620 instituit.
900 3580 926 3620 et
941 3567 1075 3631 Iustinus,
1095 3569 1221 3626 xxxtt.
1249 3571 1407 3637 4,brevins

350 3649 415 3704 rid.
430 3650 538 3702 Florum
547 3647 613 3713 ‚.11‚
628 3666 673 3700 ao.
690 3679 730 3689 -
742 3648 857 3698 Romanis
900 3659 1017 3700 narrant.

349 3734 511 3783 amicissimas.
536 3728 614 3782 lluuc
643 3727 802 3797 prtopdpaecr
828 3727 857 3780 iu
941 3743 967 3795 7.
990 3725 1142 3792 Conseeisset.
1161 3729 1352 3800 comparasset.
1373 3763 1404 3772 -

351 3809 451 3863 Catone
460 3812 572 3879 majore,
583 3825 640 3878 cap.
654 3807 737 3870 vm,
752 3805 856 3860 Plutar-
905 3806 1008 3858 ranna
1018 3810 1086 3858 satis.
1102 3807 1217 3860 Tantum
1233 3810 1321 3862 omitti
1334 3824 1408 3881 pote-

348 3889 414 3943 obus
425 3901 508 3942 vocat.
537 3887 626 3940 absin
644 3905 690 3939 rex
711 3887 856 3950 Eumenes,
900 3883 1408 3958 rat.SedetitaCicero‚deFinib.1,9,

349 3968 542 4022 amantissimus
558 3979 653 4019 nostrrc
672 3966 776 4020 urbis.»
795 3965 856 4018 Vol.
900 3965 1068 4035 improbante
1082 3965 1145 4019 licet
1159 3967 1289 4021 Ernestio.

350 4047 420 4100 Max.
431 4049 475 4112 11,
494 4067 519 4120 a.
530 4044 605 4100 Adde
618 4045 738 4105 Florum,
750 4046 768 4096 l.
783 4063 805 4098 c.
817 4075 857 4086 -
942 4043 1005 4098 Car.
1021 4045 1068 4098 XI.
1100 4063 1124 4100 ι.
1147 4046 1264 4116 Quamne.
1280 4047 1409 4103 Classiam
