3200 5130
514 557 852 626 remurinus.
1166 583 1207 654 71

211 701 256 768 ΙΙ.
285 696 454 768 Educatus
474 713 524 766 est
549 700 582 766 in
607 698 708 768 domo
732 697 883 768 Periclis¹
906 691 1101 794 (privignus
1127 701 1215 769 enim

159 806 229 900 ejus
248 803 347 873 fuisse
369 797 529 892 dicitur),
547 805 693 873 eruditus
712 828 732 872 a
755 805 890 873 Socrate
905 831 914 889 3
931 830 1079 875 socerum
1099 803 1216 875 habuit

156 912 405 1006 Hipponicum,
426 911 574 980 omnium
597 911 714 980 Graeca
734 909 846 1006 lingua
866 909 1068 1006 loquentium
1088 910 1216 982 divitis-

157 1020 278 1086 simum
288 1030 358 1102 :ut‚
373 1017 399 1084 si
413 1017 483 1112 ipse
501 1015 626 1112 fingere
641 1015 739 1084 vellet
749 1070 759 1105 ,
771 1015 988 1110 nequetplura
1008 1016 1095 1085 bona
1113 1021 1215 1086 remi-

157 1125 263 1212 nisci,
280 1145 387 1218 neque
407 1123 532 1214 majora
559 1137 671 1217 posset
692 1123 866 1216 consequi,
884 1148 983 1216 quum
1011 1122 1063 1191 vel
1084 1121 1215 1192 fortuna

157 1228 210 1298 vel
235 1243 352 1298 natura
369 1227 536 1297 tribuerat.
557 1231 698 1298 ineunte
718 1227 952 1317 odolescentia,
973 1242 1101 1298 amatus
1122 1243 1173 1299 est
1196 1254 1215 1298 a

157 1334 285 1422 multis,
300 1359 393 1403 more
411 1335 606 1404 Graecorum
621 1331 642 1402 ¹:
658 1335 691 1403 in
704 1335 750 1402 eis
770 1336 955 1422 amente,
973 1335 1014 1403 de
1035 1359 1101 1430 quo
1123 1360 1213 1404 men·

156 1443 278 1510 tionem
312 1440 390 1509 facit
415 1439 508 1510 Plato
537 1442 569 1508 in
597 1442 778 1535 Symposio.
808 1442 960 1534 Namque
986 1465 1062 1509 eum
1088 1439 1214 1510 induxit

160 1643 379 1716 tomqeredirersore
394 1654 513 1694 naturam.
525 1643 604 1695 [uase
620 1647 666 1694 iu:
708 1641 829 1694 Emditus
841 1659 857 1692 a
872 1641 979 1694 Socmte.
987 1641 1077 1707 Quum
1088 1639 1215 1712 prinsSo·

158 1723 196 1774 its
216 1722 368 1780 Sallustius,
382 1722 441 1776 Cet.
458 1722 510 1776 XV
519 1759 527 1786 ‚
541 1747 552 1769 ι
563 1727 589 1774 r'rr
599 1722 667 1775 secie
707 1721 775 1794 phili
785 1718 1036 1792 luissetdiscipulus.
1052 1719 1155 1776 Suides.
1168 1721 1215 1774 So·

158 1802 286 1874 vultuque
309 1799 433 1854 vecordis
446 1805 531 1853 iuerat.
550 1827 561 1848 ι
590 1799 667 1854 Adde
707 1801 786 1854 cretis
800 1819 907 1872 quoque
924 1799 1085 1872 discipulum
1106 1815 1214 1853 nument

158 1881 315 1934 Ciceronem
324 1879 358 1933 de
367 1881 515 1946 Divinet.1‚
528 1898 584 1950 9:·
601 1881 669 1934 Inest
708 1880 831 1950 Xenoph.
844 1881 872 1946 1,
883 1879 1049 1933 Memorabil.
1064 1891 1090 1934 et
1102 1880 1213 1932 hoton-

158 1959 667 2032 inistisetiomrenunculisnaturequae·
708 1960 775 2024 tius,
795 1959 855 2012 Dir.
872 1959 958 2012 instit.
978 1959 1099 2030 111,19.
1122 1959 1212 2026 Quen-

157 2038 219 2094 dam
240 2039 388 2112 significans
408 2038 517 2111 aliquid.
533 2067 544 2087 ·
562 2041 666 2112 Tamque
708 2058 787 2110 quom
797 2039 925 2104 Socretes,
940 2039 968 2092 iu
982 2038 1109 2111 Apologia
1123 2057 1138 2091 s
1153 2035 1212 2092 Ple·

158 2119 274 2174 dr'serssm
294 2133 415 2174 notumm
431 2117 502 2174 Vide
515 2119 576 2173 Vel.
594 2119 664 2174 Max.
708 2131 770 2174 tone
795 2119 909 2191 scriptu,
923 2131 1000 2188 negat
1017 2137 1044 2172 se
1058 2120 1212 2190 cujusquam

160 2199 202 2252 vt
212 2238 220 2265 ,
231 2219 261 2268 9,
272 2201 390 2266 6:1Que
403 2211 457 2252 tom
473 2195 590 2267 diversa,
603 2213 666 2251 tam·
707 2200 861 2272 magistrum
872 2197 958 2250 lesisse.
972 2197 1029 2252 Hoc
1043 2216 1148 2270 quoque
1165 2217 1212 2252 ue-

158 2298 211 2350 que
221 2280 291 2332 inter
301 2299 328 2332 se
339 2279 511 2344 contrarie,si
522 2279 582 2351 quis
595 2277 666 2350 spud
707 2290 750 2350 get
764 2279 891 2330 Isocrates
908 2277 935 2329 iu
948 2275 1213 2348 Btuiride,Polycrs·

157 2359 276 2412 animum
292 2378 368 2412 suum
383 2357 522 2412 ettentiore
534 2375 666 2429 compare·
707 2370 759 2412 tem
774 2355 803 2410 id
815 2369 969 2410 asserentem
981 2353 1149 2428 redarguens.
1165 2355 1213 2410 So·

157 2437 232 2491 tione
243 2437 392 2511 expendere
407 2435 558 2503 velit,duos
572 2437 600 2490 in
611 2457 665 2491 uno
707 2450 789 2499 crate,
807 2439 849 2510 qui
858 2441 936 2507 prre'rit
950 2435 980 2487 de
994 2437 1069 2488 bonne
1084 2437 1154 2488 heure
1168 2455 1213 2508 que

157 2518 268 2572 homine
283 2518 367 2572 Sullas
381 2517 461 2570 fuisse
472 2514 622 2571 crediderit.
635 2543 646 2564 2
707 2536 732 2568 ce
739 2519 811 2588 jeurre
827 2517 916 2568 homme
929 2519 1004 2568 serait
1015 2517 1037 2567 le
1048 2515 1104 2588 plus
1116 2515 1212 2586 donge-

199 2597 265 2652 Csr.
281 2599 319 2651 11.
338 2617 361 2651 ι.
373 2597 500 2650 Educatio
509 2609 544 2648 est
559 2599 583 2648 in
596 2597 665 2648 ᾰοηιο
707 2616 765 2648 reus
776 2597 816 2646 des
827 2599 931 2665 citoyeus
944 2594 1089 2656 d'Atlrlrres.
1101 2595 1145 2648 s¹il
1156 2595 1212 2647 u'ert

157 2677 268 2732 Periclis.
281 2677 420 2754 Virsinter
429 2675 599 2730 Athenienses
610 2675 664 2728 elo·
707 2675 815 2728 democle
829 2675 851 2725 Ie
865 2673 922 2744 plus
938 2673 1009 2736 utile,
1027 2674 1150 2726 recherche
1168 2690 1211 2724 son

157 2755 267 2829 quentia
278 2757 387 2828 eliisque
395 2756 537 2808 virtutibus
546 2755 665 2827 insignis,
707 2758 800 2816 emitis,
814 2754 911 2806 l'obtr'rrt
924 2755 939 2804 t
948 2757 1018 2822 soree
1031 2753 1060 2804 de
1073 2757 1137 2814 solu,
1148 2765 1172 2804 et
1182 2773 1211 2806 rre

156 2835 277 2908 adeoque
301 2836 455 2889 auctoritate
478 2835 618 2906 pollentis,
635 2849 664 2888 ut
707 2835 732 2886 Ia
743 2833 826 2905 perdit
835 2835 932 2905 jamnis.
954 2833 1090 2887 Berensis..
1109 2833 1211 2904 Voyage

156 2915 664 2989 qsmdroginteperannosrempublicam
706 2913 891 2968 d'Anactarsts.
905 2945 945 2954 —
958 2912 1001 2973 tle,
1019 2915 1042 2964 si
1056 2915 1105 2982 r'pse
1114 2907 1210 2982 fingere

156 2995 351 3068 gubernaverit.
359 2993 430 3048 Vide
442 2995 469 3048 in
482 2993 575 3066 primis
590 3013 664 3066 egre-
705 2995 789 3056 uellet,
799 3005 848 3047 etc.
859 2992 953 3046 Senem
963 3004 1001 3044 est
1012 3010 1018 3044 :
1029 2991 1050 3044 si
1062 2987 1209 3044 Alcibiades

156 3077 227 3148 giam
243 3077 299 3148 ejus
308 3073 435 3148 effigiem,
447 3087 552 3128 ouctore
562 3074 664 3128 Bartlre'·
706 3073 756 3128 sibi
771 3075 828 3146 ipse
844 3073 977 3126 fortunam
990 3071 1117 3124 fabricare
1133 3081 1210 3141 atque

157 3157 232 3227 lemy,
251 3155 280 3206 V
276 3175 353 3226 oyage
368 3153 663 3208 d'Auocltorsis.-Pri·
706 3171 865 3224 componere
879 3151 973 3216 vellet,
988 3169 1042 3203 non
1055 3163 1142 3224 posset
1154 3168 1208 3202 me·

159 3237 311 3304 rigomenim
320 3237 370 3304 ejus
377 3234 557 3302 subsedicr'tur.
566 3232 592 3285 si
601 3233 664 3286 Dio·
705 3233 788 3286 morie
800 3231 933 3286 sementis
945 3230 1063 3284 discursu
1077 3230 1152 3302 plurs
1165 3247 1209 3282 ex·

157 3313 227 3368 doro
237 3315 326 3368 Siculo
337 3327 363 3366 et
375 3309 663 3378 Suidoecredimus‚so-
706 3313 821 3383 cogitare
835 3313 921 3377 boum
932 3329 1012 3383 quum
1027 3328 1085 3382 qua
1099 3307 1140 3362 vel
1154 3309 1208 3362 for·

158 3393 228 3447 roris
242 3395 297 3465 ejus
311 3392 380 3446 lilius
390 3391 531 3457 luit3unde
542 3392 664 3444 Valerius
706 3405 785 3457 tune,
795 3391 837 3443 vel
849 3404 941 3444 nutura
953 3391 978 3444 ei
991 3389 1127 3444 tribueret.

157 3475 230 3527 Mu.
242 3474 298 3540 111,
310 3491 321 3526 1
331 3511 341 3538 ‚
351 3485 403 3526 ext.
416 3471 593 3540 r,etGellius‚
601 3471 663 3538 XV,
749 3471 845 3524 ’.Μοη
853 3469 1001 3526 Groecorum.
1011 3471 1051 3522 De
1059 3488 1112 3542 quo
1121 3487 1208 3540 supra,

161 3571 214 3623 17,
228 3551 355 3606 Periclem
369 3552 530 3605 avunculum
545 3553 600 3623 ejus
616 3569 663 3602 vo·
706 3549 739 3604 sd
750 3551 960 3623 prsef.-Ploto.
973 3549 1164 3620 Philosophus,
1173 3551 1209 3602 ite

157 3644 227 3686 cont.
243 3629 322 3698 Quod
338 3644 427 3708 temen·
440 3631 515 3683 focile
530 3629 664 3684 conciliari
706 3629 739 3682 ab
753 3630 923 3683 humerorum
935 3627 1073 3681 latitudine
1082 3624 1208 3692 (πλάτος)

157 3723 253 3784 potest.
271 3711 380 3764 Constat
397 3711 468 3763 enim
483 3710 626 3776 Periclem,
641 3709 663 3763 si
706 3708 1022 3782 dictus;onteeeuim‚ex
1034 3707 1206 3776 erimine,

125 3799 128 3806 '
156 3809 213 3844 non
228 3787 370 3844 Alcibiadis
383 3791 478 3862 ipsius,
492 3789 561 3843 illius
575 3802 661 3842 tamen
706 3788 845 3843 Aristocles
861 3787 1010 3840 vocabatur.
1028 3785 1088 3838 Fuit
1104 3786 1206 3856 egregio

156 3871 248 3923 uxoris
263 3871 387 3942 vitricum
398 3869 492 3934 fuisse,
501 3889 583 3942 quum
597 3868 664 3921 Alei·
705 3868 824 3940 corporis
838 3865 947 3930 habitu,
963 3877 989 3918 et
1004 3865 1032 3918 iu
1047 3865 1165 3936 palustre
1179 3883 1207 3918 se

155 3947 662 4017 biedesinmatrimoniohnbueritllip-
705 3945 821 4002 exercuit
834 3943 904 4016 apud
920 3943 1067 3998 Aristonem
1081 3941 1207 4015 peltestri·

154 4041 281 4101 penten,
303 4029 383 4082 filiam
408 4028 571 4102 Hipponici‚
588 4027 661 4098 cujus
704 4038 863 4098 tsm‚squo
880 4023 996 4097 primum
1009 4023 1206 4094 cognominatus

155 4127 266 4162 uxorem
283 4121 373 4180 posteo
392 4106 469 4162 duxit
488 4105 616 4170 Pericles,
633 4119 662 4158 ut
705 4119 743 4160 est
764 4106 847 4158 Pluto.
869 4103 951 4158 Notus
973 4102 1082 4156 Athenis
1107 4121 1148 4154 eo·
1162 4100 1205 4156 die

155 4187 313 4243 Plutarchus
335 4187 364 4240 in
386 4187 486 4242 Pericle
508 4187 606 4242 scribit.
621 4217 661 4230 ·—
703 4183 819 4249 dicitur,
835 4203 888 4256 quo
912 4179 982 4256 opud
1000 4183 1084 4236 Delon
1101 4181 1203 4253 Apollo.

960 4277 1002 4360 56
