3212 5118
344 537 456 603 cust
484 533 625 602 rsus.
659 533 1013 603 COMPARATIO.
1133 534 1208 632 379

142 665 289 736 amplexus
304 675 358 728 est;
374 677 404 717 nt
417 663 551 734 egerrime
565 661 670 716 deliniri
685 664 781 733 possit,
799 681 864 734 quos
879 663 947 716 inter
958 665 1097 735 scriptores
1109 669 1143 718 sit
1155 685 1207 737 po·

142 745 285 797 tissimum
297 741 517 796 annumerandus.
532 742 615 794 Modo
630 743 701 794 enim
716 743 834 795 sublimis
850 744 973 813 exsurgit,
991 743 1069 798 modo
1081 746 1209 798 humilior

141 819 241 894 jacen
256 841 337 893 quum
356 823 481 894 pleraque
496 824 524 874 in
540 841 571 874 eo
585 823 663 894 plana
674 834 701 873 et
717 823 886 892 spernunt,
901 823 1039 893 saspipsime
1055 836 1139 877 tamen
1154 823 1207 878 dil·

143 904 239 955 liciles
249 915 392 954 occurrunt
401 902 536 954 sententies
545 941 553 960 ,
562 901 721 954 obscurioris
733 899 867 954 interdum
875 915 902 952 et
911 902 1094 955 inextricabilis
1104 923 1205 970 sensum

143 982 240 1034 multa
261 982 458 1052 Xenophonteo
477 981 558 1033 utatis
576 992 753 1044 venustatem,
769 981 851 1033 multa
869 981 918 1032 alia
940 982 1087 1052 sequiorem
1106 996 1133 1034 et
1146 1001 1206 1035 ver·

146 1074 261 1131 gentem
275 1062 431 1131 grauitatem
444 1059 570 1112 redolent.
584 1060 633 1112 llls
646 1078 751 1130 quoque
764 1061 834 1112 varin
849 1073 876 1113 et
889 1078 972 1130 prope
987 1061 1087 1113 inlinits
1104 1062 1206 1114 Plutar-

146 1141 202 1192 chi
214 1139 334 1192 doctrina
346 1138 535 1210 impedimento
545 1140 609 1204 fuit,
621 1158 655 1192 ue
666 1157 732 1209 pura
745 1141 854 1192 omnino
868 1151 894 1192 et
906 1139 1018 1210 simplici
1032 1141 1208 1193 concinnitate

146 1219 242 1271 oratio
260 1221 315 1290 ejus
330 1220 474 1272 excelleret.
489 1221 578 1284 Quum
592 1219 663 1272 enirn
678 1219 816 1270 maximam
831 1219 994 1270 voluminum
1011 1219 1207 1272 multitudinem

146 1299 310 1357 evolvisset,
326 1317 355 1350 eu
366 1300 453 1350 omnia
468 1297 545 1351 rudis
559 1316 625 1368 saepe
638 1299 764 1350 elementa
779 1298 815 1350 ita
829 1298 899 1350 inter
911 1317 938 1349 se
950 1299 1077 1364 ooutnlit,
1094 1312 1124 1350 ut
1136 1317 1207 1352 nuuc

146 1370 294 1430 rhetorum
310 1391 396 1446 motus
411 1391 438 1430 et
449 1378 558 1430 allectus
571 1375 706 1442 adhibeat,
724 1395 795 1428 nuuc
812 1395 901 1446 graves
915 1377 1133 1450 pbilosophorum
1150 1397 1208 1432 sen-

148 1457 266 1522 tentias,
280 1469 306 1508 et
325 1458 467 1527 presertim
481 1458 595 1528 ubique,
610 1469 672 1528 post
690 1456 799 1508 minima
815 1456 966 1523 intervalla,
982 1457 1098 1510 invenias
1117 1458 1210 1528 disjecti

148 1537 259 1588 membra
268 1549 357 1605 poetoes

196 1615 225 1668 si
239 1616 282 1668 cui
294 1635 356 1668 vero
368 1635 423 1668 nou
435 1617 544 1668 omuino
559 1628 677 1686 apertum
690 1615 821 1680 videatur,
834 1617 930 1686 quibus
944 1617 978 1670 de
990 1619 1073 1678 causis
1085 1618 1209 1670 intortam

147 1708 180 1748 et
194 1695 333 1748 obscurem
348 1695 491 1748 dictionem
508 1695 649 1748 Plutarcho
670 1696 734 1748 vitio
749 1697 888 1762 verterim,
903 1696 924 1746 is
943 1696 1012 1766 legat
1030 1695 1110 1748 modo
1124 1697 1208 1767 prima

148 1775 286 1826 Phocionis
304 1776 364 1827 vitu
386 1775 487 1846 capita,
507 1773 641 1826 utstatim
663 1787 755 1826 notum
776 1775 886 1839 hebeat,
900 1773 965 1844 quid
984 1776 1125 1846 intelligam
1141 1794 1147 1828 :
1166 1776 1210 1828 hic

149 1854 230 1906 euim
248 1867 345 1908 rectam
360 1873 421 1906 saue
435 1854 589 1906 seutentiam
609 1853 720 1925 scriptor
738 1855 851 1924 profert,
870 1853 995 1924 quasdem
1014 1855 1140 1907 nimirum
1155 1873 1211 1908 esse

148 1934 293 1986 civitatum
313 1933 489 1995 conditiones,
507 1934 536 1985 in
557 1935 652 2005 quibus
670 1951 772 1986 necesse
791 1935 844 1996 sit,
860 1947 889 1986 ut
909 1933 1058 2006 reipublice
1077 1933 1211 2005 principes

150 2013 300 2066 inserviant
317 2013 494 2083 temporibus,
515 2027 541 2064 et
560 2032 614 2066 sese
636 2013 773 2065 homiuum
792 2012 980 2083 cupiditatibus
995 2011 1210 2077 socommodent3

149 2091 203 2144 sed
215 2091 280 2144 dum
289 2090 318 2145 id
331 2092 453 2144 omnibns
465 2090 549 2142 modis
560 2091 715 2142 confirmare
727 2092 837 2154 nititur,
849 2091 1083 2162 similitudinesque
1095 2092 1212 2162 congerit

153 2170 241 2224 ruodo
255 2191 286 2224 ex
300 2170 424 2230 historia,
439 2168 521 2220 modo
536 2187 567 2220 ex
583 2170 679 2239 poetis,
693 2168 771 2220 modo
786 2187 819 2221 cx
832 2169 1002 2239 physicorum
1016 2171 1211 2224 mathematico-

152 2269 271 2319 rumque
282 2249 417 2320 preceptis
427 2245 611 2318 depromptas,
622 2267 678 2300 rem
688 2249 823 2310 obscurat,
842 2265 920 2317 quarn
932 2249 1060 2301 illustrare
1071 2250 1212 2319 potuisset,

154 2330 179 2380 si
202 2327 325 2380 adhrisset
348 2325 450 2378 modus.
470 2327 504 2380 Et
524 2325 630 2396 quidem
650 2345 739 2399 graves
757 2328 913 2399 plerumque
933 2328 1072 2380 sententies
1093 2340 1119 2379 et
1139 2341 1213 2380 acute

153 2408 271 2478 cogitata
286 2408 354 2460 iuter
367 2404 526 2458 narrandum
541 2406 631 2458 inserit
646 2407 764 2476 egregins
778 2406 822 2459 ille
838 2425 941 2458 morum
956 2425 985 2458 ac
1000 2407 1060 2460 vitm
1075 2409 1211 2478 magister;

154 2486 207 2540 sed
223 2487 294 2539 inani
309 2487 450 2538 verborum
465 2486 566 2538 luxurie
587 2485 703 2549 laboret,
718 2486 848 2557 longiores
862 2499 888 2538 et
902 2484 1035 2538 interdum
1054 2487 1156 2557 longius
1171 2505 1213 2538 sr-

155 2567 264 2620 cessitss
280 2563 464 2618 similitudines
484 2577 636 2630 coacervstp
657 2583 705 2618 nec
719 2564 814 2618 desum
837 2565 913 2618 etiam
924 2603 933 2630 ,
946 2565 974 2618 iu
987 2566 1082 2636 quibus
1102 2583 1212 2636 pravum

157 2647 243 2698 seratis
261 2665 314 2698 sur.
327 2644 454 2715 judicium
470 2643 568 2715 prodit.
585 2645 665 2710 Nam,
683 2646 830 2716 ingeniosus
842 2645 903 2698 lioet
916 2645 971 2716 ipse
984 2646 1104 2709 critiuu,
1118 2644 1211 2698 iisdem

158 2739 248 2777 tamen
260 2725 330 2778 vitiis
339 2743 527 2796 nonuunquam
541 2725 613 2796 argui
627 2736 726 2796 potest,
734 2725 829 2796 quibus
840 2738 939 2778 ceteros
951 2725 1045 2796 arguit.
1057 2725 1211 2795 Exemplum

155 2805 256 2856 afferre
276 2806 340 2856 mihi
360 2805 435 2857 liceat
451 2824 483 2858 eo
502 2804 583 2875 magis
598 2806 760 2870 notandum,
774 2803 846 2876 quod
861 2807 888 2857 iu
904 2803 1010 2870 cadem,
1025 2823 1104 2876 quam
1120 2806 1213 2856 merito

158 2883 329 2954 reprehendit
342 2884 509 2948 Plutarchus,
523 2886 666 2950 sententia,
686 2887 805 2950 Tullius,
818 2887 859 2938 vir
873 2886 956 2939 multo
972 2884 1128 2938 delicatioris
1143 2882 1213 2954 judi·

155 2963 212 3028 cii,
225 2981 343 3035 maguam
356 2983 410 3016 esse
425 2968 604 3016 mminnitatem
616 2966 764 3018 existimet:
778 2963 823 3018 sed
836 2966 894 3030 bio,
908 2965 992 3036 culpoe
1005 2963 1142 3028 laudator,
1158 2963 1213 3016 cul·

158 3063 222 3113 paru
244 3045 327 3116 lugitt
346 3043 408 3108 ille,
427 3047 472 3114 qui
493 3043 558 3096 vidit
577 3045 684 3097 meliora
698 3045 885 3116 probavitque,
902 3042 1032 3096 deteriora
1049 3055 1152 3096 secutus
1166 3053 1213 3094 est.

160 3121 283 3192 Hegesias
294 3124 441 3192 Magnesius
454 3119 509 3184 (alii
519 3124 647 3176 Timarum
659 3121 826 3195 perhibent),
837 3143 920 3194 quum
933 3124 961 3175 in
973 3123 1081 3176 historia
1093 3121 1214 3185 dixisset,

157 3219 213 3268 qua
224 3213 301 3254 noete
311 3214 387 3254 natus
397 3201 544 3255 Alexander
553 3215 633 3264 esset,
649 3202 740 3256 eadem
755 3203 845 3256 Dianae
858 3203 977 3272 Ephesiis
992 3203 1117 3273 templum
1133 3201 1214 3254 defla-

159 3277 294 3347 gravisse3v
306 3279 439 3347 adjunxit,
454 3285 547 3332 minime
565 3284 592 3333 id
606 3303 655 3334 esse
669 3284 814 3343 meandum,
830 3281 894 3352 quod
909 3284 1004 3343 Diana,
1022 3301 1091 3354 quum
1107 3287 1131 3333 in
1141 3294 1215 3352 portu

164 3357 314 3428 Olrmpiadis
326 3359 406 3410 adesse
419 3360 545 3421 wluiuet,
558 3361 671 3427 absumet
682 3363 759 3414 ᾰοηιο.
775 3363 814 3414 De
829 3363 889 3414 Nat.
903 3360 976 3414 deor.
990 3363 1033 3427 II,
1049 3381 1093 3431 ²7·
1115 3387 1125 3407 ι
1140 3360 1214 3414 Adeo

166 3435 284 3507 «frigida
299 3449 373 3500 suut,
387 3437 474 3507 inquit
489 3439 557 3492 Plut
571 3441 598 3491 in
611 3441 765 3503 Alexandro,
780 3442 835 3494 haec
848 3441 963 3512 Hegesia
977 3443 1071 3505 verba,
1083 3453 1113 3492 ut
1127 3441 1213 3511 ipsum

166 3515 337 3568 «incendium
350 3516 500 3586 extinguere
514 3519 665 3588 potuissent.
680 3545 691 3566 ι
710 3519 905 3583 Deridendum,
922 3521 1044 3583 hercule,
1058 3519 1215 3572 derisoreml

163 3596 229 3647 Uter
248 3597 318 3648 euim
338 3593 474 3666 frigidior,
487 3595 643 3668 Hegesiasue
656 3597 689 3650 de
703 3599 803 3664 Diana,
817 3619 849 3651 an
864 3598 898 3652 de
912 3599 1021 3669 Hegesia
1036 3599 1191 3650 Plutarchus
1205 3598 1217 3648 l

201 3675 239 3726 Ea
257 3675 312 3728 laus
327 3674 424 3744 Nepoti
443 3675 598 3742 tribuenda,
615 3677 686 3748 quod
709 3695 844 3749 uunquam
862 3678 917 3730 istis
932 3679 1074 3730 verborum
1096 3675 1216 3747 igniculis

160 3753 299 3825 decipitur.
316 3755 390 3818 lmo,
410 3756 597 3808 sententiarum
620 3756 800 3826 parcissimus,
818 3775 878 3808 raro
899 3755 1060 3819 admodum,
1080 3755 1215 3826 propriam

164 3846 277 3888 merrtem
298 3831 489 3906 exprimendo,
507 3853 596 3888 rerum
616 3837 709 3888 seriem
728 3835 844 3900 dirimit,
863 3848 889 3887 et
909 3835 1021 3886 multum
1042 3855 1058 3888 a
1082 3833 1215 3887 Plutarchi

163 3932 234 3964 ruore
247 3913 385 3976 abhorret,
399 3913 445 3982 qui
463 3931 533 3966 nuuc
550 3915 670 3986 physicas
684 3916 856 3978 interserens,
868 3931 940 3966 nuuc
954 3913 1148 3984 philosophicas
1165 3933 1216 3966 ne·

161 3991 305 4060 pssie'esse,
319 4011 531 4063 unamquamque
549 3994 640 4046 Vitam
654 3994 805 4065 intercipit;
821 3989 893 4063 qnod
907 4010 1086 4063 sepenumero
1103 4011 1157 4044 nou
1172 3989 1216 4046 tu'-

161 4065 241 4123 'eastu
255 4086 373 4136 tanturn,
385 4086 414 4125 ut
426 4073 483 4143 ipse
495 4071 575 4136 dicit,
585 4070 630 4124 sed
642 4074 752 4144 quisque
766 4073 823 4126 sani
835 4070 927 4142 judicii
943 4071 984 4122 vir
995 4089 1061 4141 egre
1074 4071 1147 4124 ieret.
1162 4072 1215 4124 Ne·

164 4167 210 4218 pos
222 4165 309 4204 contra
319 4191 327 4216 ,
338 4153 358 4205 si
372 4154 412 4205 vel
429 4152 564 4206 minimam
580 4152 734 4204 sententiam
749 4152 857 4204 cuilibet
873 4151 941 4203 facto
956 4152 1216 4222 subjunxerit,quasi
