3246 5134
384 463 455 534 116
645 455 916 529 CORNELII
943 453 1176 522 NEPOTIS

379 619 481 689 quum
503 604 711 662 succurreret
727 613 843 673 nemo,
861 571 970 679 Lyco⁵
984 585 1119 679 quidam
1139 586 1364 678 Syracusanus
1381 610 1444 680 per·

381 700 539 770 fenestras
550 696 693 794 gladium
705 694 810 778 dedit,
825 717 892 786 quo
903 693 992 761 Dion
1004 690 1194 760 interfectus
1206 703 1268 771 est,

434 802 660 888 X.'Confecta
681 799 792 885 crede,
809 821 912 892 quum
932 795 1108 865 multitudo
1127 796 1252 864 visendi
1271 799 1374 890 gratia
1393 798 1442 864 in·

382 913 527 996 troisset,
539 905 688 976 nonnulli
700 905 742 974 ab
757 901 882 974 insciis¹
900 926 962 996 pro
976 902 1080 970 noxiis
1096 901 1323 970 conciduntur.
1338 904 1443 988 Narn,

383 1017 480 1086 celeri
502 1037 633 1082 rumore
655 1010 773 1092 dilato,
792 1009 893 1078 Dioni
906 1009 972 1076 vim
988 1006 1137 1094 allatam,
1157 1006 1251 1076 multi
1266 1031 1444 1076 concurre·

383 1135 474 1208 rant,
492 1119 610 1214 quibus
627 1116 692 1187 tale
715 1115 842 1184 facinus
859 1111 1062 1208 displicebat
1081 1114 1143 1199 Hi,
1162 1109 1241 1181 falsa
1260 1115 1446 1206 suspicione

383 1227 498 1312 ducti,
524 1227 755 1308 immerentes,
780 1235 818 1288 ut
845 1217 1045 1304 sceleratos,
1072 1216 1228 1287 occidunt
1237 1215 1258 1285 ².
1278 1219 1384 1312 Hujus
1403 1219 1445 1288 de

384 1347 490 1402 morte
511 1346 550 1399 ut
571 1327 678 1424 palam
702 1326 825 1396 facturn
844 1339 911 1410 est,
929 1320 1122 1393 mirabiliter
1142 1324 1232 1419 vulgi
1254 1337 1380 1393 mutata
1396 1339 1446 1394 est

386 1438 548 1506 voluntas.
582 1435 670 1503 Nam
702 1433 760 1527 qui
784 1432 897 1498 vivum
927 1453 1003 1497 eum
1035 1444 1210 1522 tyrannum
1238 1431 1446 1518 vocitarent,

386 1544 485 1612 iidem
499 1540 707 1610 liberatorem
721 1537 853 1633 patriar,
865 1535 1061 1628 tyrannique
1073 1534 1280 1629 expulsorem
1294 1535 1449 1629 praedica·

386 1633 498 1716 hant³.
525 1647 578 1714 Sic
600 1644 708 1715 subito
730 1639 951 1711 misericordia
974 1640 1050 1710 odio
1072 1655 1289 1728 successerat,
1311 1655 1349 1710 ut
1369 1665 1446 1710 eum

326 1741 330 1749 x
388 1779 448 1824 suo
471 1753 649 1845 sanguine,
673 1751 700 1818 si
723 1759 878 1843 possent,
900 1745 943 1812 ab
964 1745 1150 1815 Acheronte
1177 1761 1337 1842 cuperent
1357 1747 1447 1816 redi-

389 1883 478 1928 mere
490 1845 511 1926 l.
534 1859 649 1949 ltaque
667 1857 702 1922 in
719 1853 819 1938 urbe,
835 1849 1049 1920 celeberrimo
1065 1837 1169 1937 loco⁵,
1182 1850 1285 1922 elatus
1300 1851 1448 1948 publice,

389 1961 530 2059 sepulcri
539 1973 753 2032 monumento
765 1957 905 2027 donatus
915 1969 973 2024 est.
991 1959 1089 2026 Diem
1105 1957 1186 2027 obiit
1196 1959 1327 2026 circiter
1343 1981 1448 2026 anuos

431 2183 457 2236 5.
479 2182 552 2252 Lyco.
576 2179 628 2232 Pro
648 2179 743 2248 Lycen,
765 2177 803 2228 uti
824 2175 894 2227 Dion
981 2177 1447 2248 l.AlAclterontecrsperentredinrm.

391 2262 503 2324 dicisum
513 2259 639 2312 nimirum
653 2267 733 2328 prout
746 2273 807 2308 usus
822 2254 896 2307 iure·
939 2253 971 2307 Id
985 2268 1036 2320 est,
1046 2253 1080 2309 sd
1091 2257 1171 2309 ritem
1179 2275 1303 2310 revocare
1311 2270 1446 2328 cuperent.

391 2343 450 2395 luit.
463 2339 512 2392 Gr.
528 2339 612 2390 Aleos
622 2376 630 2402 ,
640 2354 671 2388 er
687 2353 770 2388 more.
785 2335 846 2387 Tzs.
857 2365 898 2376 -
940 2335 979 2386 Ins
987 2334 1105 2406 loquitur
1111 2335 1166 2389 Cic.
1174 2335 1235 2388 Post
1242 2335 1298 2388 red.
1307 2334 1339 2389 sd
1345 2337 1446 2390 Seu.X.

392 2421 532 2486 Inter-sectus
543 2428 586 2470 est.
602 2412 678 2468 Adde
692 2432 723 2466 ex
743 2412 898 2477 Plutarcho,
941 2413 1063 2467 Acheron
1080 2427 1182 2481 sutem,
1198 2414 1269 2487 apud
1290 2427 1394 2488 poetas,
1406 2417 1449 2469 in·

393 2518 449 2571 cap.
460 2498 552 2562 LVII,
564 2513 680 2548 sororem
693 2497 748 2564 ejus
760 2511 820 2546 curn
835 2509 899 2545 oon·
942 2493 1060 2546 ferorum
1071 2493 1184 2561 fluvius,
1196 2495 1233 2548 sic
1243 2493 1330 2548 dictus
1343 2497 1392 2548 ἀπὸ
1405 2503 1448 2549 τοῦ

392 2584 453 2650 juge
473 2587 623 2648 pregnante
642 2575 669 2626 in
686 2591 817 2626 carcerem
836 2590 899 2624 con·
943 2573 1014 2640 ἄχεος
1027 2573 1068 2626 sal
1079 2573 1137 2644 plo,
1149 2574 1222 2644 quasi
1230 2573 1330 2626 doloris
1340 2573 1445 2628 fluvius.

393 2663 502 2733 jectam,
512 2656 539 2708 in
553 2673 607 2726 quo
621 2651 676 2706 hoo
690 2651 774 2704 filium
787 2651 899 2724 peperit,
986 2653 1012 2704 5.
1031 2651 1186 2704 celeberrimo
1201 2654 1261 2706 loco.
1278 2653 1447 2716 Colchum,

434 2736 543 2792 Curall.
561 2730 901 2801 1.Atnsctu.abiis,qui
944 2743 974 2784 ut
994 2731 1021 2784 in
1040 2732 1142 2803 pressat.
1165 2733 1310 2794 celebritate,
1330 2731 1363 2785 de
1388 2733 1450 2788 loco

397 2815 475 2882 cedis
491 2827 609 2866 suctores
624 2811 788 2884 ignorabant.
944 2829 1038 2881 magna
1049 2811 1188 2864 hominum
1202 2813 1347 2884 frequentia
1354 2813 1453 2884 stipato

439 2915 464 2948 a.
480 2895 639 2954 immerentes,
655 2903 682 2942 nr
691 2890 827 2951 sceleratos,
840 2892 903 2940 occl-
945 2887 1051 2942 dicitur.
1067 2891 1099 2943 ln
1115 2891 1173 2944 loro
1187 2893 1333 2962 suspicatur
1350 2893 1450 2947 Kirch-

399 2977 467 3028 cluat.
483 2972 576 3025 Sontes
590 2973 758 3040 insontesque
775 2971 848 3040 juxta
862 2968 903 3019 in·
946 2987 1034 3033 manu,
1042 2970 1083 3022 De
1093 2970 1178 3024 furser.
1185 2972 1262 3024 Rom.
1273 2973 1359 3036 11,26
1371 2991 1451 3026 :narn

399 3051 540 3108 terllciunt.
567 3050 625 3101 Hoc
646 3060 733 3102 sutem
755 3045 789 3100 de
811 3046 904 3118 populi
947 3047 1452 3122 stisticGruciolarosrirossepelireso·

400 3147 544 3192 concursu,
558 3147 640 3200 eaque
653 3125 738 3192 cade,
753 3125 821 3178 nihil
834 3124 903 3196 apud
946 3126 987 3178 liti
996 3139 1066 3181 sunt.
1075 3158 1115 3171 -
1125 3129 1232 3182 Publice.
1244 3131 1295 3182 arii
1306 3129 1339 3184 sd
1349 3132 1451 3184 Δοιιαηιι

402 3208 571 3264 Plutarchum
584 3207 687 3278 legitur.
948 3217 996 3270 est,
1003 3207 1046 3260 clii
1056 3205 1089 3258 sd
1101 3209 1178 3260 elatus
1185 3210 1315 3274 seleman
1325 3211 1368 3262 alii
1379 3209 1452 3264 deni·

444 3291 469 3342 3.
482 3287 555 3340 Iidem
564 3287 709 3338 liberaremur
716 3289 815 3355 panso,
826 3296 907 3354 tyr-oa·
949 3303 1000 3356 que
1009 3285 1122 3358 eligendi
1134 3288 1272 3341 sebitriurn
1287 3290 1395 3344 faciunt.
1406 3291 1451 3343 In·

405 3371 474 3440 nique
485 3366 627 3436 expulsorem
633 3363 806 3435 predicabant.
815 3363 907 3434 Neque
949 3365 1118 3436 telligeodurn
1134 3380 1221 3420 autern
1238 3381 1302 3438 puto
1319 3372 1395 3421 eletos
1403 3389 1451 3440 pn·

404 3447 438 3501 de
452 3447 503 3499 hoc
519 3443 662 3515 quidquam
676 3442 845 3508 Plutarchus,
860 3461 908 3496 uec
951 3443 1016 3498 llice.
1030 3446 1129 3500 Confer
1139 3447 1166 3498 in
1176 3449 1254 3502 Arist.
1263 3449 1319 3514 1113
1329 3451 1452 3515 Quone,

404 3523 552 3588 Diodorou
565 3522 610 3576 sed
622 3522 667 3574 hic
679 3523 856 3594 principatum
868 3541 909 3575 ex·
951 3524 1000 3588 1V;
1015 3525 1236 3591 Timoleonte,V,
1250 3540 1276 3580 et
1288 3529 1392 3598 paulin.

404 3607 502 3678 cepisse
514 3603 679 3674 Callippum,
689 3619 717 3654 sc
727 3619 775 3672 per
783 3600 909 3656 tredecim
992 3623 1018 3674 7,
1038 3603 1147 3675 Sepulcrr'
1161 3619 1314 3659 monumento.
1327 3609 1367 3660 lta
1381 3607 1454 3661 Cice

406 3701 507 3740 menses
530 3680 662 3748 tenuisse;
680 3681 740 3746 ille,
756 3681 833 3732 initio
850 3679 909 3752 qui-
952 3701 996 3746 ro,
1010 3685 1117 3736 Tuscul.
1132 3687 1159 3749 1,
1176 3692 1222 3748 sl:
1237 3684 1330 3750 «Quid
1347 3687 1401 3758 ipss
1416 3705 1455 3738 se·

407 3765 481 3830 dem,
499 3780 581 3832 quum
598 3762 711 3814 Dionem
725 3761 910 3826 interfecisset,
952 3763 1105 3834 pulcrorurn
1123 3777 1292 3821 monuments
1303 3802 1311 3829 ,
1324 3764 1388 3837 qnid
1401 3765 1454 3818 elo-

408 3845 554 3915 inclytum‚
571 3853 597 3894 et
612 3859 701 3894 rerum
716 3857 816 3892 summa
832 3839 910 3911 Syre·
952 3843 992 3912 gia
1002 3840 1160 3912 significant,
1170 3844 1452 3898 nisinoslutoraetissn

409 3925 476 3978 cusis
491 3922 605 3993 potitum
617 3921 671 3986 sit,
692 3917 736 3972 sed
755 3919 834 3990 paulo
851 3931 911 3990 post
952 3920 1101 3991 cogitare?-
1119 3923 1270 3976 lnconsulte
1284 3925 1364 3994 igitur
1376 3925 1453 3976 Lern-

409 4019 498 4074 prenes
523 3998 644 4065 dedisse,
671 3997 832 4070 eodemque,
857 4017 910 4069 quo
953 4000 1031 4052 hiuus
1059 4019 1148 4052 vocem
1169 4003 1273 4071 sepulcri
1294 4003 1455 4075 suppositum

408 4081 496 4144 Dion,
512 4077 598 4149 gladio
614 4079 789 4132 interfectum.
805 4079 908 4132 Βοιιυι.
953 4077 1143 4150 delendamque
1156 4093 1238 4152 putat.
1253 4082 1324 4136 Cave
1337 4081 1436 4136 credas
