3200 5120
386 521 459 600 riui
736 531 1083 602 TESTIMONIA

382 664 605 750 aristocratia,
623 662 890 756 gubernabatur3
909 665 1021 750 vinco,
1044 665 1177 756 opinor,
1196 687 1271 730 eum
1293 688 1361 732 non
1379 664 1440 734 flo-

384 771 488 840 ruisse
514 768 700 838 Tbeodosio
726 770 928 865 imperante,
952 768 1193 862 quodquidam
1219 768 1345 838 volunt.
1369 773 1440 840 Hoc

383 877 593 969 igiuirqunm
601 873 712 944 multis
721 877 922 970 argumentis
931 874 1156 944 demonstrare
1166 877 1300 970 possim,
1313 875 1440 946 duobus

385 996 559 1050 contentus
576 1005 656 1050 ero:
676 1005 817 1074 quorum
835 982 900 1050 hoc
914 983 976 1050 erit
992 983 1155 1076 primum,
1168 982 1257 1075 quod
1272 985 1383 1051 statim
1401 983 1440 1051 ab

383 1087 494 1174 initio,
522 1102 555 1156 et
579 1089 740 1182 prooemio
764 1087 858 1173 libri,
882 1091 1035 1158 Attzeum
1058 1091 1251 1158 nominatim
1278 1087 1441 1183 appellat,

384 1195 509 1287 ipsique
525 1195 608 1263 adeo
626 1196 736 1263 Attico
747 1193 868 1263 librum
883 1193 1048 1280 inscribit,
1063 1217 1102 1264 ac
1116 1194 1263 1282 dedicat,
1281 1195 1344 1281 ibi,
1360 1197 1441 1264 Non

381 1298 498 1369 anuo
493 1301 582 1393 fore
583 1301 780 1396 plerosque,
788 1304 915 1386 Attice,
923 1305 985 1394 qui
992 1301 1056 1369 boc
1063 1325 1172 1395 genus
1181 1305 1369 1396 scripum,
1378 1314 1439 1369 eto

382 1407 497 1504 Neque
511 1422 560 1476 est
574 1405 663 1500 quod
676 1409 847 1500 quisquam
865 1401 946 1475 inihi
960 1406 1067 1492 dicat,
1082 1406 1182 1475 alium
1199 1408 1287 1476 hunc
1305 1429 1375 1474 esse
1389 1407 1442 1473 At·

384 1515 506 1601 ticum,
524 1537 623 1606 quam
642 1535 733 1599 eum,
751 1512 793 1580 ad
808 1537 906 1606 quem
921 1515 1051 1608 scripsit
1069 1516 1116 1582 Μ.
1137 1511 1271 1582 Tullius.
1291 1515 1360 1602 Qui
1372 1513 1441 1580 bec

383 1615 578 1713 loquuntur,
587 1616 712 1688 nodum
724 1619 758 1688 in
773 1621 881 1715 scirpo
895 1635 1055 1712 quarunt.
1071 1618 1172 1708 Quod
1181 1635 1291 1688 autern
1306 1618 1441 1713 quidam

383 1739 560 1812 testantur,
574 1750 608 1794 se
627 1729 661 1793 in
678 1723 821 1820 quodam
838 1725 922 1794 libro
935 1722 1012 1796 MS.
1032 1728 1076 1794 ita
1093 1728 1251 1820 scriptum
1268 1727 1442 1820 reperisse,

383 1835 465 1901 Non
483 1831 599 1901 dubim
598 1832 688 1925 fore
704 1833 904 1928 plerosque,
921 1838 983 1927 qui
995 1835 1125 1904 Attrcae
1137 1833 1202 1900 hoc
1211 1855 1320 1926 genus
1338 1837 1441 1926 scrip·

384 1953 471 2006 turoe
484 1939 660 2025 leve,‘etc.‚
672 1953 770 2033 atque
785 1939 872 2008 hanc
892 1942 1088 2033 scripturam
1105 1937 1361 2032 probabiliorem
1373 1949 1457 2006 esse

383 2059 516 2138 recepta
535 2044 596 2113 sibi
607 2045 710 2114 videri
724 2044 858 2130 dicunt,
875 2069 924 2114 nae
940 2043 985 2112 illi
1001 2045 1123 2138 judicio
1143 2059 1219 2113 sunt
1234 2066 1351 2138 parum
1367 2043 1453 2113 sub·

384 2149 453 2237 tili,
472 2164 529 2217 aut
551 2149 690 2238 limato,
711 2151 830 2243 quibus
850 2152 921 2220 haec
948 2149 1044 2218 lectio
1066 2151 1198 2245 probari
1222 2153 1363 2234 omnino
1385 2173 1442 2244 po-

383 2258 497 2342 tuerit,
509 2280 610 2348 quum
624 2280 663 2324 ea
674 2255 805 2349 quidem
823 2258 864 2324 sit
875 2257 1075 2349 ineptissima
1084 2272 1182 2349 atque
1193 2257 1441 2326 absurdissima:

384 2364 467 2429 ratio
486 2376 693 2456 autem,qua
711 2385 784 2430 eam
805 2377 971 2448 tutantur,
993 2360 1173 2450 levissima,
1191 2377 1225 2431 et
1242 2365 1384 2431 maxime
1406 2362 1443 2428 ri·

383 2467 506 2550 dicula,
522 2483 690 2536 auctorem
710 2468 833 2537 idcirco
848 2468 935 2536 lianc
954 2470 1163 2564 scriptionem
1180 2468 1361 2563 appellasse
1379 2469 1442 2538 At-

382 2579 485 2641 ticam
513 2599 532 2641 a
558 2577 706 2669 principe
721 2577 870 2644 ,Graeciae
898 2575 1053 2662 civitate,
1081 2575 1169 2669 quod
1206 2578 1441 2668 imperatorum

384 2682 579 2749 Graecorum
601 2683 683 2749 vitas
712 2680 959 2776 complectatur.
984 2683 1087 2768 Quasi
1109 2705 1188 2748 vero
1210 2704 1318 2747 sermo
1341 2705 1360 2746 a
1382 2703 1443 2746 na·

383 2787 472 2854 tione
492 2811 727 2880 personarum,
752 2786 793 2854 de
814 2787 932 2880 quibus
952 2786 1130 2870 habeatur,
1161 2787 1200 2854 sit
1228 2783 1445 2878 appellandus
1487 2805 1494 2820 ⁸

384 2895 541 2979 Graecus,
556 2908 614 2962 aut
632 2895 788 2979 Launus,
803 2907 861 2960 aut
875 2889 1037 2976 Gallicus,
1052 2906 1109 2959 aut
1123 2893 1306 2985 Hispanus,
1321 2904 1354 2958 et
1364 2892 1444 2959 item

385 2997 425 3064 de
444 3001 568 3067 ceteris.
594 3001 665 3092 Ego
685 3023 765 3066 vero
784 3000 979 3092 scripturam
993 2995 1083 3065 illam
1105 2997 1205 3066 furcis
1217 2994 1443 3091 expellendam

383 3128 471 3186 esse,
494 3120 527 3172 et
552 3105 637 3171 lianc
660 3119 824 3198 receptam
852 3103 1018 3172 mordicus
1040 3101 1243 3170 retinendam
1267 3127 1337 3172 esse
1358 3103 1442 3172 dico.

383 3209 511 3278 Eodem
533 3212 689 3302 pertinet,
711 3208 801 3302 quod
823 3211 856 3276 in
879 3212 1006 3279 Catone
1031 3209 1162 3294 scribit,
1189 3238 1205 3271 a
1231 3233 1265 3276 se
1285 3207 1382 3304 plura
1403 3207 1444 3276 de

383 3316 450 3382 vita
465 3329 498 3382 et
519 3315 666 3383 moribus
678 3317 815 3395 Catonis
831 3317 864 3382 in
874 3340 913 3383 eo
924 3315 1008 3384 libro
1018 3329 1228 3410 persecutum
1243 3339 1330 3401 esse,
1344 3337 1443 3408 quem

384 3423 558 3515 separatim
581 3420 622 3488 de
645 3445 703 3507 eo,
728 3436 846 3515 rogatu
871 3423 935 3488 Titi
962 3420 1135 3514 Pomponii
1156 3419 1275 3506 Attici,
1302 3421 1388 3490 fecit.
1422 3447 1440 3484 n

383 3525 533 3596 Alterum
558 3541 790 3620 argumentum
819 3542 890 3612 est,
915 3527 1005 3620 quod
1032 3551 1130 3594 nemo
1153 3540 1249 3594 aetate
1267 3525 1445 3595 Theodosii

384 3635 430 3703 sic
455 3632 584 3702 locutus
603 3647 671 3720 est,
692 3647 731 3701 ut
750 3633 804 3701 hic
824 3634 966 3726 scriptor
988 3632 1141 3725 loquitur.
1162 3635 1222 3700 Est
1241 3635 1329 3701 enim
1350 3631 1443 3698 filum

383 3740 482 3835 hujus
504 3741 660 3809 orationis
682 3737 815 3824 subtile,
836 3760 1003 3831 pressum,
1017 3739 1164 3806 limatum
1178 3793 1187 3825 ,
1203 3753 1237 3806 et
1249 3737 1345 3832 plane
1364 3737 1445 3804 Atti·

384 3869 476 3935 cum,
489 3869 657 3942 genusque
666 3844 795 3914 dicendi
804 3845 970 3932 nativum,
982 3869 1118 3939 purum,
1130 3844 1275 3939 elegans,
1288 3842 1444 3927 nitidum,

383 3977 451 4022 non
463 3947 683 4040 elaboratum,
697 3952 764 4022 n'on
774 3951 880 4046 'longe
891 3945 1098 4040 arcessitum,
1110 3975 1177 4020 non
1192 3948 1359 4044 putidum,
1376 3971 1443 4015 non

384 4058 539 4148 insolens,
555 4086 661 4155 neque
679 4059 837 4129 teretibus
851 4059 994 4137 ¹auribus
1008 4059 1159 4128 odiosum
1172 4083 1182 4143 3
1194 4055 1250 4124 sed
1265 4054 1361 4150 plane
1375 4057 1443 4123 Ro·

384 4191 515 4236 manam
536 4167 776 4262 simplicitatem
790 4181 826 4236 et
846 4165 1040 4237 munditiem
1061 4164 1205 4235 referens
1221 4187 1260 4234 ac
1279 4161 1444 4248 redolens,
