3212 5118
349 457 464 526 CUM
491 453 633 522 PLUT.
662 455 1016 526 COMPARATIO.
1134 457 1208 534 385

141 587 257 658 Nepote
272 583 427 638 Hannibalis
441 583 476 637 ed
491 584 667 646 Antiochum,
682 596 709 635 et
718 583 798 636 Attici
815 585 950 638 morientis
965 585 996 640 ad
1008 585 1104 642 amicos
1116 593 1209 660 verba,

139 668 214 718 satis
230 664 423 732 domnamant,
440 683 485 718 eos
500 682 554 716 non
572 661 777 716 contemnendos
793 675 909 718 oratores
931 685 985 718 esse
1009 669 1144 738 potuisse3
1163 671 1211 726 sed

141 760 247 798 neuter
259 745 310 797 boc
319 744 404 796 laudis
413 763 495 814 genus
508 755 670 796 consectatus
683 755 737 795 est:
750 743 823 814 prior
834 743 956 816 quidem,
967 738 1136 808 utexistimo,
1149 752 1212 823 quia

143 827 181 878 in
195 825 244 877 bac
256 825 363 895 publice
373 826 515 876 verborum
530 835 557 875 et
567 823 754 876 sententiarum
766 841 863 894 pompa
873 825 1009 878 bominem
1022 828 1106 900 ipsum
1116 827 1211 903 depre-

137 903 236 957 'hendi
250 923 311 956 raro
326 902 468 956 admodum
482 903 671 966 arbitrabatur;
691 903 821 973 posterior
834 903 919 968 forte,
938 906 999 976 quia
1013 906 1056 960 bic
1072 921 1211 979 apparatus

143 1003 215 1036 cum
228 1003 271 1049 ea,
284 986 359 1054 cujus
372 982 437 1036 adeo
450 982 582 1036 studiosus
600 995 671 1047 erat,
687 982 815 1036 brevitate
828 985 936 1037 minime
949 988 1116 1057 congruebat.

195 1065 274 1117 Viros
286 1064 367 1134 igitur
378 1064 486 1135 pingere
498 1062 584 1114 voluit
595 1062 683 1133 Nepos
698 1062 796 1114 selectis
812 1063 987 1134 quibusdam,
1001 1065 1048 1118 scd
1063 1065 1158 1120 vividis
1173 1069 1213 1122 in·

144 1144 336 1214 signibusqne,
351 1143 455 1196 babitus
471 1155 498 1196 et
514 1161 619 1196 morum
632 1143 805 1196 lineamentis.
826 1144 860 1196 Et
880 1155 950 1196 certe
969 1145 997 1196 in
1013 1147 1131 1199 virorum
1147 1149 1212 1202 ima·

146 1224 256 1292 ginibos
269 1225 320 1276 boc
334 1221 414 1276 modo
433 1220 624 1295 exprimendis,
644 1241 697 1274 non
720 1235 866 1276 extremum
888 1224 957 1276 inter
973 1225 1081 1278 Latinos
1095 1228 1213 1280 obtinuit
1299 1249 1301 1254 ·

146 1303 253 1367 locum,
267 1301 409 1374 aliquando
421 1321 469 1373 par
481 1303 612 1356 Sallustio.
632 1303 733 1367 Quem,
749 1303 862 1374 exempli
875 1305 972 1374 gratia,
983 1305 1069 1357 vuum
1085 1307 1211 1378 eloquen-

147 1382 205 1434 tius
224 1381 344 1454 depinxit
359 1384 454 1434 Primus
473 1383 518 1434 ille
531 1383 639 1434 Romana
657 1385 683 1434 in
695 1383 793 1434 littorio
809 1381 923 1453 Crispus,
944 1401 1021 1454 quam
1036 1385 1124 1456 Nepos
1141 1388 1212 1457 Epa·

146 1462 286 1514 mittendam
298 1463 339 1514 bis
352 1463 456 1526 verbis,
472 1481 508 1514 ιιι
524 1481 531 1515 :
549 1464 615 1513 Erat
632 1465 693 1514 enim
704 1462 835 1523 modestice,
847 1464 967 1532 pmdens,
987 1469 1083 1532 gravis,
1102 1471 1213 1536 tempori·

147 1541 195 1592 bus
205 1545 324 1611 sapiemer
334 1554 411 1602 utens,
423 1545 516 1610 pert'tas
529 1542 594 1603 balli,
613 1545 685 1607 fortis
696 1561 780 1602 manu,
803 1547 882 1594 animo
895 1547 997 1596 monneto
1001 1563 1012 1605 ,·
1031 1545 1091 1598 atleo
1102 1550 1213 1598 ueritates

146 1621 265 1689 diligens,
283 1633 311 1672 ut
328 1641 357 1671 ne
366 1625 424 1690 joco
440 1621 532 1692 quidem
550 1625 696 1674 mentiretur.
717 1621 783 1672 Idem
799 1624 930 1684 contutans,
949 1624 1061 1684 clemens,
1074 1628 1213 1696 patiensque

147 1700 317 1752 admirandam
326 1704 352 1751 in
362 1701 470 1760 modum
484 1719 532 1751 noo
543 1701 618 1752 solttm
624 1699 720 1770 propoli,
737 1701 859 1752 sedetiam
870 1704 997 1754 amicorum
1004 1705 1086 1768 fierem
1097 1707 1212 1774 injurias,-

148 1783 177 1830 t'rt
186 1783 315 1850 primisque
327 1783 449 1830 commissa
460 1781 552 1843 celans,
569 1780 634 1851 quod
648 1778 764 1829 interdum
781 1799 828 1830 non
843 1784 918 1834 mutus
924 1782 1034 1851 prodest,
1046 1803 1116 1856 quara
1127 1785 1213 1836 diserte

148 1859 243 1920 dacem
256 1859 374 1911 studiosus
387 1859 501 1910 audiendi
512 1879 520 1910 :
541 1880 570 1910 es
584 1861 627 1912 ltoc
642 1861 702 1909 euim
713 1858 831 1924 facillime
841 1859 902 1910 disci
913 1861 1084 1915 arbitrabatur,
1104 1862 1212 1916 Plenam

146 1938 222 1990 illam
238 1951 265 1991 ot
285 1939 425 2010 perlectam
442 1937 611 2002 brevitatem,
629 1955 688 2008 quar
705 1949 743 1989 tot
762 1951 814 1989 tam
828 1940 918 2009 paucis
934 1939 1061 2004 includit,
1081 1943 1108 1994 in
1123 1944 1212 2014 primo

149 2035 259 2089 quoqne
272 2017 412 2070 Alcibiadis
422 2017 507 2087 capite
521 2019 636 2088 reperire
648 2029 701 2080 est;
718 2029 744 2068 et
760 2018 868 2070 cuilibet
883 2018 1020 2084 Aristidis,
1037 2021 1212 2092 Thrasybuli,
1280 2006 1286 2023 ⁸

150 2097 273 2150 Cimonis
286 2098 352 2147 vitas
363 2097 507 2158 evolventi,
522 2096 637 2166 plurima
658 2094 810 2163 hujusmodi
826 2111 979 2164 occurrent,
1001 2099 1096 2169 quibus
1110 2102 1214 2172 egregie

150 2173 299 2228 Sallustiani
314 2175 375 2244 styli
390 2175 456 2224 acies
472 2174 573 2226 etnicos,
596 2173 654 2224 Una
668 2191 736 2242 saepe
749 2176 876 2226 sententia
893 2178 953 2226 satis
966 2189 1019 2240 est,
1037 2197 1095 2248 quc
1112 2181 1214 2234 absolu-

152 2255 281 2306 tissimam
292 2253 355 2304 clari
367 2253 417 2303 viri
431 2252 569 2322 imaginem
584 2253 610 2302 in
622 2252 714 2304 animis
724 2253 825 2304 excitet.
840 2253 882 2304 Sic
894 2253 959 2304 illud
970 2254 1003 2306 de
1017 2257 1131 2318 Datame,
1150 2279 1189 2312 vn
1202 2279 1211 2313 ε

155 2333 212 2402 Quo
230 2334 313 2384 nuntio
327 2331 476 2404 Artaxerxes
491 2343 631 2392 commotas,
651 2330 716 2402 quod
727 2332 886 2400 intelligebat,
909 2333 955 2382 sibi
969 2354 1020 2385 eam
1034 2340 1089 2386 niro
1102 2339 1213 2402 fortias

152 2424 248 2464 strenuo
260 2414 379 2480 negotium
391 2431 451 2471 esse,
466 2415 518 2482 qui,
533 2429 603 2481 quum
615 2415 752 2479 cogitasset,
761 2412 843 2475 facere
858 2411 967 2471 auderet,
980 2426 1005 2464 et
1014 2417 1081 2482 prius
1092 2421 1212 2485 cogitare,

153 2511 223 2564 qtearn
238 2495 322 2543 conari
340 2504 479 2542 consuesset.
507 2490 573 2554 Quas
591 2490 635 2542 hic
654 2487 796 2542 desiderari
813 2503 940 2560 possunt,
961 2505 991 2544 ut
1008 2493 1051 2546 ille
1067 2494 1212 2566 prudenter

155 2571 240 2624 audax
248 2573 369 2623 Datames
383 2569 560 2640 intelligatur?

193 2650 246 2704 Sed
260 2651 287 2701 in
302 2651 352 2702 boc
363 2647 469 2701 dicendi
482 2667 576 2719 genere
587 2648 637 2700 hoc
648 2649 779 2719 praecipue
789 2645 949 2714 cavendum,
964 2669 997 2702 ne
1009 2653 1122 2723 scriptor
1131 2673 1211 2709 suum

153 2730 242 2802 potius
251 2730 385 2801 ingenium
397 2729 516 2800 prolerre
529 2727 604 2791 velit,
620 2747 699 2798 quam
710 2729 829 2780 intimam
846 2729 926 2800 ipsius
940 2729 991 2781 viri
1005 2729 1130 2784 indolem.
1151 2735 1209 2788 tta-

152 2827 233 2880 gnum
241 2811 311 2862 enim
319 2808 459 2861 discrimen
471 2809 578 2859 interest
586 2807 731 2870 intersum,
741 2809 787 2878 qni
795 2809 986 2878 egregiosviros
992 2812 1106 2880 propriis
1117 2831 1209 2867 eorum

154 2889 228 2942 lactis
238 2889 373 2961 depingit,
387 2900 413 2940 et
425 2906 500 2952 eum,
517 2887 562 2957 qui
579 2885 631 2939 suis
647 2887 728 2957 ipsius
744 2885 829 2939 dictis.
845 2891 913 2940 Dum
928 2891 1014 2959 prior,
1024 2891 1124 2960 egregia
1140 2913 1209 2964 quar·

152 2987 204 3039 que
214 2970 340 3030 facinora,
347 2979 373 3020 et
382 2987 440 3038 quae
447 2966 480 3019 sd
488 2985 572 3018 mores
584 2967 693 3018 maxime
702 2968 848 3037 pertinent,
860 2967 1107 3037 deligendo,virum
1121 2973 1207 3044 ipsum

152 3061 212 3100 ante
227 3049 317 3102 oculos
332 3048 422 3119 ponit,
443 3059 469 3099 et
487 3065 539 3098 una
557 3043 700 3116 eademque
717 3047 775 3098 luce
793 3059 886 3098 cuncta
904 3047 1049 3111 illuminat;
1063 3053 1207 3120 posterior,

152 3127 292 3180 viridiores
301 3127 441 3180 sententias
448 3124 622 3196 proferendo,
636 3138 662 3178 ct
674 3143 689 3176 e
701 3126 788 3178 verbis
796 3126 869 3197 ignes
877 3129 950 3198 quasi
958 3126 1126 3188 excudendo.
1141 3133 1207 3184 scin.

153 3206 219 3257 tillas
226 3207 334 3276 quidem
345 3206 428 3270 elicit,
443 3219 533 3276 atquae
545 3223 734 3275 nonnunquam
746 3207 925 3276 perstringunt
936 3208 1036 3277 potius,
1045 3227 1123 3278 quam
1133 3212 1207 3265 illus·

153 3296 230 3336 trant.
243 3285 313 3354 Ergo
325 3283 421 3336 indolis
430 3323 437 3349 ,
446 3303 550 3336 motum
559 3321 568 3346 ,
576 3297 653 3356 atque
660 3287 769 3336 omnino
776 3285 891 3336 veritatis
899 3285 1077 3340 describendas
1090 3291 1205 3358 ratione,

153 3381 211 3433 quse
223 3365 355 3434 precipua
371 3376 421 3428 est,
437 3364 608 3416 Plutarchum
624 3365 727 3433 Nepote
744 3365 828 3415 multo
844 3369 968 3434 majorem
985 3367 1110 3434 arbitron
1128 3384 1206 3443 atque

154 3453 184 3494 ut
197 3441 418 3512 ingeniosissime,
431 3443 468 3494 sic
483 3455 509 3494 et
521 3443 622 3512 optimo
631 3447 690 3512 jure
700 3443 733 3494 de
744 3462 776 3495 eo
784 3444 900 3496 locutum
911 3445 1041 3499 Gallicum
1050 3450 1206 3520 scriptorem

154 3539 260 3586 censeo,
279 3523 354 3591 cnjus
367 3522 446 3573 verba
462 3522 505 3572 bic
522 3511 674 3574 transiebam
691 3518 765 3581 (Ess.
779 3541 824 3574 sur
836 3525 872 3576 les
885 3512 992 3594 llloges,
1004 3526 1046 3578 ch.
1060 3529 1100 3580 lx
1113 3527 1124 3590 )
1138 3547 1145 3580 :

196 3627 206 3646 ι
216 3601 358 3671 Αμρανεαιιτ
370 3602 427 3651 stilti
438 3604 519 3668 magni
533 3607 635 3652 omarum
648 3612 744 3652 etatum
755 3606 804 3652 otri
815 3624 824 3654 .·
839 3624 878 3654 eos
889 3605 970 3654 cidere
979 3643 987 3668 ,
996 3623 1048 3654 cum
1061 3611 1094 3657 eis
1105 3607 1208 3680 colloqui

157 3707 168 3728 ι
177 3681 247 3740 voto,
265 3680 400 3749 inquiebat
412 3679 444 3732 ad
455 3682 579 3732 famosam
588 3681 615 3731 in
627 3680 736 3733 Oriente
751 3680 890 3752 quamdam
904 3696 1005 3746 vatem,
1017 3702 1076 3754 quas
1088 3700 1206 3741 mortuos

157 3779 208 3812 «ex
224 3760 313 3812 inferis
324 3760 436 3811 excitare
451 3779 526 3830 posse
538 3762 692 3830 putabatur,
705 3759 811 3830 quidam
824 3761 918 3814 excelsi
929 3762 1008 3812 animi
1023 3781 1206 3836 generososque

157 3839 271 3892 «mentis
285 3837 448 3900 adolescens,
469 3840 514 3909 qui
529 3857 588 3890 mox
604 3853 758 3909 regnaturus
771 3853 833 3892 erat.
855 3841 925 3890 Tum
939 3842 1042 3911 sapiens
1061 3845 1103 3894 vir
1117 3847 1206 3898 nescio

157 3920 248 3989 «quis,
263 3937 317 3972 non
331 3920 423 3989 procul
436 3918 499 3970 binc
512 3919 627 3988 ignotam
646 3920 726 3971 vitam
744 3920 840 3989 agitare
855 3918 963 3971 solitus:
982 3920 1056 3988 Quod
1061 3927 1134 3991 petis,
1157 3925 1206 3992 nit,
1257 3926 1261 3940 '

159 4017 220 4066 «ego
226 4002 326 4065 sarciam.
337 4001 390 4049 ·En
399 3999 483 4050 librum
498 3999 560 4050 banc
569 4000 634 4068 lega,
651 4011 675 4049 st
684 4019 736 4070 qnoe
747 4003 830 4052 visunt
840 3999 877 4049 leis
890 4009 976 4048 mentes
982 4035 990 4058 ,
1005 4005 1118 4054 attentius
1128 4009 1205 4059 consi·

976 4103 1023 4176 25
