3284 5150
401 521 474 594 268
643 521 929 598 ,CORNELII
957 518 1187 589 NEPOTIS

397 671 465 740 quo
483 645 509 714 si
532 657 659 714 tantum
677 669 753 714 eum
771 643 965 738 prudentem
985 642 1112 730 dicam,
1131 645 1253 728 minus,
1276 667 1376 737 quam
1394 645 1460 714 de-

398 752 510 836 beam,
532 747 849 844 praedicem²,quum
871 747 923 818 ille
944 752 1054 844 potius
1072 749 1202 819 divinus
1222 749 1338 836 merit,
1356 752 1382 818 si
1401 751 1459 818 di-

398 858 521 926 vinatio
548 855 743 951 appellanda
768 871 818 925 est
847 870 1005 950 perpetua
1027 853 1184 924 naturalis
1212 855 1361 939 bonitas,
1384 881 1460 950 qum

397 962 494 1032 nullis
516 963 646 1032 casibus
667 985 773 1056 neque
793 961 916 1055 agitur,
936 986 1042 1055 neque
1060 963 1228 1031 minuitur.
1248 963 1361 1030 Hostis
1382 965 1459 1029 An-

398 1071 507 1137 tonius
532 1053 718 1162 judicatus³
743 1065 836 1137 ltalia
863 1082 1025 1150 cesserat;
1050 1091 1124 1161 spes
1146 1064 1337 1136 restituendi
1366 1065 1459 1136 nulla

398 1189 477 1244 erat.
500 1176 577 1243 Non
593 1173 698 1244 solum
717 1174 787 1267 ejus
801 1173 923 1242 inimici
931 1159 954 1256 ¹¹,
969 1175 1025 1267 qui
1040 1187 1111 1240 tum
1128 1187 1223 1242 erant
1239 1173 1459 1266 potentissimi

397 1294 430 1365 et
450 1279 599 1376 plurimi,
616 1279 673 1348 sed
692 1283 792 1348 etiarn
815 1281 870 1373 qui
890 1277 1095 1348 adversariis
1109 1278 1180 1371 ejus
1203 1302 1238 1348 se
1256 1277 1399 1365 dabant,
1421 1293 1459 1346 et

397 1388 431 1452 in
450 1411 489 1455 eo
509 1385 655 1454 laedendo
677 1409 711 1454 se
733 1384 874 1479 aliquem
901 1400 1136 1454 consecuturos
1162 1383 1338 1478 sperabant
1363 1409 1456 1452 com·

398 1493 661 1577 mendationem‚
677 1493 812 1560 Antonii
835 1490 1008 1561 familiares
1023 1489 1297 1585 insequebantur;
1317 1513 1459 1558 uxorem

397 1595 545 1666 Fulviam
566 1596 717 1666 omnibus
739 1597 836 1666 rebus
858 1593 998 1690 spoliare
1016 1596 1210 1691 cupiebant3
1225 1593 1344 1664 liberos
1356 1597 1456 1664 etiarn

397 1705 587 1797 extinguere
607 1702 779 1796 parabant.
803 1705 948 1784 Atticus,
965 1723 1067 1796 quum
1086 1702 1254 1772 Ciceronis
1278 1703 1391 1769 intima
1408 1701 1456 1769 fn·

398 1807 582 1878 miliaritate
601 1822 765 1895 uteretur,
787 1809 1000 1878 amicissimus
1022 1822 1108 1878 esset
1127 1810 1251 1894 Bruto,
1268 1831 1337 1876 non
1354 1805 1457 1876 modo

401 2000 448 2056 lV.
463 2006 489 2063 4.
506 1999 563 2052 Hoc
576 2013 664 2052 autem
677 2001 746 2052 inter
759 1999 903 2052 Antonium
947 1999 1083 2071 proposito
1096 1997 1256 2054 dimovetur.
1277 1999 1318 2052 Al.
1332 1999 1453 2068 Augetur.

398 2078 570 2132 etOctavium
578 2080 706 2133 Cursarem
716 2093 772 2132 turn
781 2081 903 2150 juvenem
989 2081 1014 2134 3.
1027 2079 1139 2132 Hostis...
1147 2079 1280 2149 judicatus.
1294 2080 1377 2149 Cujus
1387 2075 1459 2150 judi·

399 2171 500 2212 motum
512 2171 560 2212 est.
572 2159 676 2212 Mutina
685 2177 761 2224 vero,
773 2160 836 2211 orbs
844 2156 906 2211 Gal·
946 2159 982 2212 cii
989 2176 1093 2211 musam
1100 2157 1244 2230 expositam
1252 2159 1368 2229 reperias
1385 2154 1459 2229 apud

398 2237 441 2292 tis
453 2238 604 2316 Cisalpinp,
617 2257 688 2292 nunc
701 2239 781 2310 vulgo
792 2239 903 2291 Medeae.
948 2239 1004 2292 cic.
1022 2237 1138 2310 Philipp.
1152 2237 1188 2290 11.
1202 2269 1243 2280 -
1256 2237 1333 2290 Italia
1344 2248 1454 2288 muns.

402 2319 537 2372 Counrrm
949 2317 1063 2370 Galliam
1070 2317 1222 2370 citeriorem
1239 2315 1331 2387 petiit,
1352 2328 1379 2370 et
1392 2314 1456 2368 inde

441 2417 468 2450 a.
481 2397 622 2450 Pmdr'eem.
642 2397 775 2450 Nonacris
789 2394 903 2449 laudem.
947 2397 1039 2467 pulsus
1060 2397 1139 2468 Alpes
1160 2395 1282 2461 transiit,
1303 2408 1333 2449 ut
1353 2413 1381 2448 se
1394 2413 1456 2448 cum

400 2509 440 2520 -
455 2477 566 2530 Divinus.
594 2477 632 2530 Ex
657 2495 725 2530 nexu
744 2477 815 2530 valet
837 2495 905 2548 pru·
948 2475 1052 2548 Lepido
1072 2477 1251 2547 conjungeret.
1260 2475 1395 2540 Velleius,
1413 2475 1455 2532 11.

398 2557 468 2610 scius
488 2575 578 2610 rernm
592 2556 758 2620 futurarum,
773 2569 802 2608 ut
818 2556 905 2608 divini·
955 2560 1006 2621 16,
1021 2575 1079 2628 sqq.
1090 2557 1151 2608 Τις.
1294 2571 1296 2576 ·

398 2648 438 2688 tas
455 2647 482 2690 et
498 2637 594 2690 similia
614 2635 692 2703 alibi,
706 2635 830 2707 deinceps
843 2635 905 2687 divi·
991 2642 1015 2700 4.
1038 2637 1101 2706 Ejus
1113 2637 1209 2690 inimici.
1234 2633 1356 2700 Quorum
1375 2653 1390 2686 e
1408 2652 1456 2686 nn·

401 2718 468 2768 natio
476 2735 487 2778 ,·
507 2728 672 2789 utrumque,
693 2714 726 2768 ad
748 2713 905 2786 signandum
948 2734 1022 2769 mero
1034 2715 1191 2768 acerrimum
1200 2712 1356 2768 Ciceronem
1366 2731 1456 2784 exper-

399 2795 557 2866 singularem
571 2809 597 2849 et
613 2795 690 2848 solito
702 2797 828 2868 majorem
845 2812 907 2864 pru·
949 2807 1047 2848 truest.
1059 2825 1100 2838 -
1117 2793 1353 2846 &munem
1379 2792 1458 2857 Qu·

400 2873 530 2940 dentiam,
543 2894 596 2946 quo
610 2875 672 2929 facit
682 2893 739 2945 cap.
753 2874 828 2928 xv1.
840 2875 906 2939 Quo
949 2873 1010 2928 dam
1017 2873 1147 2928 editiones
1153 2873 1340 2926 commoditatem
1347 2872 1456 2936 habentr

399 2967 562 3026 sequuntur,
586 2956 674 3026 primo
694 2954 793 3006 intuitu
812 2971 907 3024 perum
949 2967 1092 3025 utrumque
1107 2971 1189 3016 vero,
1205 2953 1227 3005 si
1240 2952 1457 3022 sequentiacogi·

399 3033 559 3105 respondere
570 3032 708 3098 ridentur,
717 3045 906 3104 moveruntque
949 3045 1000 3099 tes,
1009 3045 1095 3105 potest
1104 3030 1232 3086 adhiberi.
1246 3031 1372 3102 Spoliatio
1383 3031 1454 3084 enim

400 3113 584 3177 Buchnerum,
597 3125 627 3166 ut
639 3113 727 3166 mallet
738 3113 864 3173 diurnum,
878 3110 906 3164 id
949 3111 1182 3176 commoditatem,
1203 3111 1299 3163 occisio
1321 3128 1455 3164 commen·

399 3190 666 3255 est,divinanatura.
683 3190 811 3256 Quidam,
824 3209 906 3262 quum
949 3190 1082 3244 dationem
1105 3191 1222 3263 parabat.
1245 3222 1284 3232 -
1305 3191 1455 3260 Extinguere

400 3287 458 3322 eam
476 3272 648 3324 mutationem
662 3271 724 3324 libri
737 3282 906 3343 respuerent,
945 3271 1074 3342 pamtan.
1098 3271 1191 3324 Parare
1212 3287 1266 3322 nou
1284 3270 1363 3324 semel
1384 3269 1455 3340 opti·

400 3351 436 3402 ita
451 3364 522 3404 certe
538 3349 722 3422 explicandum
738 3363 905 3404 censuerunt.
949 3369 1005 3404 mos
1018 3349 1089 3422 opud
1101 3351 1240 3422 scriptores
1255 3367 1316 3402 cum
1329 3347 1455 3402 infinitivi

400 3427 452 3482 Sed
477 3449 582 3484 cauum
602 3431 707 3502 subjicit
726 3431 837 3496 Noster,
854 3449 906 3501 que
949 3444 1077 3500 prasente
1089 3432 1208 3501 junctum
1222 3429 1343 3499 medas.
1359 3429 1453 3498 ltaap.

401 3509 500 3564 lectum
515 3510 569 3574 sit,
585 3523 615 3562 ut
634 3511 671 3562 sio
694 3529 721 3562 se
737 3523 838 3580 gereret
859 3511 906 3562 At·
949 3509 1053 3562 Sallust.
1069 3509 1147 3563 Catil.
1162 3509 1276 3562 xvltt:
1294 3535 1306 3556 ι
1321 3509 1389 3562 Cum
1402 3507 1453 3560 hoe

400 3589 493 3654 ticos,
520 3589 594 3660 quasi
625 3587 788 3644 callidissime
816 3589 906 3642 omnis
949 3589 1061 3642 Catilina
1070 3601 1096 3644 et
1104 3588 1258 3652 Autronius,
1267 3587 1455 3640 consiliorum·

400 3669 575 3741 prusensisset
591 3687 670 3741 seque
686 3681 809 3741 parasset.
829 3669 906 3722 Boni·
949 3665 1454 3740 munimmpmtnmincmirotiokal.
1483 3721 1488 3736 ,

402 3759 439 3800 tas
455 3749 525 3802 enirn
544 3767 597 3802 non
614 3761 652 3802 est
667 3749 778 3818 peritia,
799 3760 829 3801 ut
849 3749 907 3802 vult
947 3747 1455 3820 jm.L.corumett..Torqustumeon·

402 3829 573 3894 Staverenus,
583 3827 642 3894 sed,
652 3827 724 3900 qnod
736 3826 835 3899 adjectu
848 3847 907 3900 poc·
949 3829 1017 3882 eules
1031 3827 1186 3882 interlicere.
1199 3823 1295 3879 »Idem
1310 3827 1368 3880 Cat.
1381 3825 1431 3878 XX
1447 3843 1454 3878 :

402 3908 498 3971 rulant,
510 3909 586 3962 insita
597 3928 613 3960 a
625 3921 718 3962 natura
729 3927 830 3980 usuque
841 3926 905 3962 cou-
953 3907 1071 3960 uses-vire
1079 3908 1260 3978 magis,q1um
1271 3907 1400 3976 imperare
1409 3923 1454 3976 pa·

401 3987 504 4041 firmata
516 3987 597 4042 enimi
610 3990 680 4042 boun
689 3987 800 4041 indoles·
812 3985 855 4040 Sic
867 3989 907 4040 in·
949 3989 999 4040 rati
1006 3988 1092 4042 estin·
1102 3985 1356 4056 ldemaugnxn:
1368 3985 1455 4037 -oum

401 4067 454 4132 tra,
465 4068 507 4132 X,
522 4067 647 4122 bonitatis
660 4069 733 4139 signa
745 4069 905 4121 referuntur.
949 4067 1189 4139 proficiscipmnt.
1202 4091 1213 4112 ι
1228 4062 1304 4117 Adde
1317 4063 1410 4116 Cesar.
1422 4057 1454 4115 Β.

400 4146 461 4200 Tm.
475 4179 516 4190 -·
527 4148 626 4218 Agim.
643 4147 675 4202 Id
689 4162 743 4213 est,
756 4148 906 4219 agitatru,a
951 4146 981 4200 C.
997 4149 1023 4214 1,
1036 4145 1087 4209 833
1101 4146 1162 4200 Ter.
1181 4144 1287 4198 Phorm.
1304 4143 1373 4214 prol.
1386 4162 1417 4202 v.
1430 4142 1455 4196 3.
