3282 5156
403 467 476 540 32²
572 463 802 534 JOANNIS
827 462 983 532 HENll.
1012 460 1299 532 SCHLEGEL

444 595 578 652 amum
600 592 635 648 se
656 591 769 646 ceso„
792 591 918 664 nana
939 589 1028 646 suso
1049 593 1139 664 psum
1163 593 1343 664 capno„
1363 593 1466 660 um,

404 679 500 736 Gellius
512 676 609 730 iterum
629 673 702 727 testis
714 685 770 738 est,
790 673 887 726 erroris
901 683 1063 726 tamencum
1078 690 1201 728 sanstus
1217 671 1326 726 admissi
1344 673 1373 728 iu
1386 687 1467 728 atate

401 756 537 818 Ciceronis
550 751 743 824 computanda,
765 754 784 806 l.
810 753 872 817 XV,
889 770 911 805 c.
925 753 971 806 ²8.

443 835 578 892 Cor-aelian
597 833 678 886 multa
700 830 855 897 tradidisse,
877 849 936 903 quas
959 829 993 885 ud
1012 828 1218 903 descriptionem
1237 831 1310 884 orbis
1329 845 1465 886 terrarum

400 913 674 991 spectant,.discimus
695 931 710 966 e
734 913 812 966 Plsisii
834 911 946 964 Historia
960 910 1085 966 Naturali.
1113 909 1231 965 Subinde
1245 911 1342 966 citatam
1358 913 1388 966 in
1408 914 1465 966 boe

400 1015 481 1070 opere
493 995 575 1066 Nepos
587 1005 712 1065 tanquam
723 992 837 1063 scriptor
850 989 902 1042 lide
915 989 1026 1061 dignus,
1034 987 1080 1043 sed
1094 989 1253 1062 quibusdam
1262 991 1290 1044 in
1300 991 1365 1048 loo'u
1377 994 1465 1048 nimia

399 1079 425 1132 ei
447 1074 621 1147 exprobratur
639 1069 788 1124 credulitas.
815 1070 910 1123 Plinius
932 1070 993 1123 satis
1014 1070 1130 1135 babens,
1153 1072 1301 1124 nominasse
1325 1085 1464 1128 auctorem

399 1157 547 1218 librorum,
564 1151 597 1206 ad
616 1169 683 1224 qnos
697 1163 859 1224 respexerat,
879 1149 969 1202 titulos
987 1149 1171 1220 praetermittit.
1192 1151 1252 1203 Pari
1265 1149 1364 1217 modo,
1383 1153 1464 1206 libris

399 1256 456 1290 uon
468 1232 624 1298 nominatis,
646 1232 674 1283 in
689 1231 755 1284 locis
776 1229 958 1302 geographicis
971 1227 1089 1283 Cornelii
1106 1230 1269 1284 mentionem
1280 1231 1379 1284 faciunt
1388 1233 1464 1286 Mela

398 1329 426 1370 et
438 1315 552 1370 Solinus.
574 1309 691 1364 Definire
710 1310 799 1382 itaque
818 1309 862 1362 vir
881 1306 980 1366 audeo.
1005 1319 1096 1361 uuum
1114 1309 1254 1363 Comelius
1272 1310 1404 1382 singulare
1428 1311 1464 1366 de

401 1395 558 1466 Geugraplsia
568 1409 637 1462 opus
646 1389 845 1460 conscripserit,
855 1407 889 1442 an
896 1389 981 1442 solnm
989 1387 1094 1460 scriptis
1102 1389 1154 1442 suis
1165 1389 1312 1455 bbtoricia,
1323 1392 1462 1446 occasione

400 1475 475 1540 data,
495 1487 527 1528 ut·
538 1469 664 1524 Historisi
679 1467 815 1524 interdurn
828 1469 912 1522 lacere
924 1481 951 1522 et
963 1467 1048 1520 solent
1065 1479 1092 1520 et
1102 1467 1215 1536 debent,
1239 1468 1376 1540 quadam,
1400 1490 1462 1542 qam

398 1553 433 1609 ad
447 1550 642 1624 Geograpbiarn
661 1551 807 1620 pertinent,
826 1547 986 1619 insperserit.
1015 1547 1094 1610 Loci,
1111 1549 1248 1623 inquibus
1263 1550 1352 1604 nimie
1363 1550 1461 1604 credu-

398 1615 483 1688 stas.
494 1631 630 1702 opttus,
652 1641 714 1682 aunt
730 1627 810 1682 asna
824 1626 892 1680 flos.
910 1628 1003 1680 usur.
1020 1627 1040 1681 1.
1057 1629 1111 1694 111,
1123 1646 1146 1682 c.
1165 1629 1240 1682 1⁸⁶2
1258 1629 1277 1682 t.
1288 1631 1323 1694 v,
1340 1649 1364 1683 ο.
1380 1649 1404 1684 ι.
1426 1633 1460 1684 1„

399 1714 489 1786 priore
500 1713 560 1764 loco
573 1708 713 1762 Cornelius
728 1708 817 1778 Nepos
835 1703 1051 1779 reprehenditur,
1072 1706 1145 1779 quod
1164 1727 1219 1760 non
1231 1707 1377 1776 dtrbimrit,
1401 1712 1461 1782 ipse

397 1791 464 1848 Padi
475 1791 577 1854 accola,
590 1807 637 1842 sus
647 1785 700 1840 lide
710 1786 816 1839 lirmare
825 1799 1005 1840 commentum
1016 1784 1083 1840 iilud
1090 1785 1123 1840 de
1132 1787 1202 1840 Istro
1208 1785 1324 1859 quodam
1333 1787 1462 1859 flumine,

397 1868 622 1946 quodeDanubio
635 1867 663 1919 in
671 1864 780 1919 Adriam
790 1865 900 1920 effluere
913 1866 1115 1937 perhibebansr,
1127 1886 1159 1920 ex
1171 1865 1351 1922 adrersol’adi
1361 1871 1459 1926 ianua.

397 1953 431 2004 ln
451 1946 567 2004 secundo
583 1947 659 2011 loco,
682 1946 729 2018 qui
747 1944 932 1999 Mauritaniam
947 1946 1116 2018 Tingitanum
1135 1946 1282 2020 urbemque
1300 1961 1327 2001 et
1352 1965 1459 2004 amnem

398 2031 478 2086 Lixos
490 2027 597 2095 attinet,
610 2025 715 2097 gravius
726 2025 836 2078 aPlinio
849 2024 1001 2097 increpetur
1011 2027 1115 2080 Noster.
1130 2025 1194 2080 ttae
1202 2029 1275 2080 esaim
1287 2031 1437 2082 suntrerba
1450 2048 1458 2082 ε

402 2111 500 2164 ..Extat
512 2108 540 2161 in
553 2124 585 2160 ea
598 2100 682 2168 (Liao
696 2101 798 2168 insula)
811 2123 855 2158 ara
868 2103 1001 2162 Herculis.
1021 2123 1070 2158 nec
1089 2118 1186 2178 prater
1198 2107 1325 2162 oleastros
1336 2108 1408 2162 alind
1425 2127 1458 2162 ex

397 2217 413 2240 ι
423 2201 531 2243 narrato
547 2186 593 2240 illc
613 2185 727 2238 aurifero
746 2203 863 2239 nemore·
893 2184 984 2238 Minus
1008 2186 1127 2255 proiecto
1153 2186 1285 2240 mirentur
1306 2201 1459 2260 portatoaa

401 2268 530 2323 aCrscciss
544 2263 694 2330 mendacis,
708 2263 742 2318 de
757 2265 790 2318 iis
804 2277 831 2317 et
846 2283 922 2318 amne
937 2263 1004 2318 Lixo
1016 2263 1133 2337 prodita,
1147 2265 1194 2337 qui
1207 2267 1339 2338 cogitent,
1353 2281 1459 2322 nostros

400 2375 412 2399 a
422 2367 509 2420 nuper
518 2346 599 2418 paulo
611 2345 700 2400 minus
713 2343 873 2398 nbnsnifica
890 2341 1012 2415 quedam
1028 2342 1062 2400 de
1078 2341 1172 2398 iisdem
1189 2344 1344 2402 tradidisse:
1359 2366 1460 2420 panea

399 2427 503 2482 alidan
529 2427 598 2480 hanc
628 2425 739 2488 nrbesn,
759 2426 939 2497 majoremque
962 2423 1120 2496 Cartbagine
1144 2443 1253 2496 magun
1277 2439 1403 2498 praterea
1422 2447 1457 2482 er

398 2507 532 2561 «adrem
549 2507 606 2578 ejus
625 2505 715 2570 sitam,
733 2517 759 2556 et
777 2522 863 2576 prope
884 2505 1013 2556 immenso
1026 2516 1111 2557 nacto
1124 2505 1157 2558 ab
1170 2505 1262 2577 Tingit
1281 2523 1391 2578 qunque
1405 2507 1456 2560 alia

399 2614 411 2638 ι
425 2587 549 2641 &nulus
564 2585 645 2656 Nepos
664 2584 798 2636 avidissime
819 2581 951 2636 crededis-
977 2584 1039 2636 Nou
1056 2584 1170 2650 mirum,
1187 2585 1210 2637 si
1233 2587 1386 2652 Cornelius,
1409 2588 1458 2658 qui

395 2666 569 2740 polygraphis
580 2661 794 2718 annumerandus
806 2661 925 2727 ridetur,
937 2681 993 2716 non
1005 2665 1096 2716 omnia
1109 2677 1229 2718 accurate
1242 2665 1304 2718 satis
1315 2665 1456 2738 perpendit

398 2760 426 2800 et
439 2745 623 2816 investigarit,
635 2744 674 2809 si,
691 2743 803 2796 nimium
818 2740 904 2796 fidens
926 2743 1038 2796 aliorum
1060 2743 1244 2810 relationibus,
1263 2763 1353 2798 arncre
1365 2765 1456 2800 rerum

397 2826 559 2880 mirabilium
581 2835 608 2878 et
624 2823 681 2877 veri
697 2820 811 2894 quadam
828 2821 916 2893 specie
936 2820 1078 2893 aliquando
1093 2820 1218 2896 deceptus
1235 2824 1294 2877 luit.
1317 2823 1350 2878 Id
1366 2825 1456 2897 ipsum

397 2906 484 2960 Plinio
501 2921 620 2978 quoqm,
645 2902 692 2974 qni
708 2913 761 2956 tam
783 2902 876 2954 uuerbe
900 2919 962 2954 enm
983 2903 1084 2974 carpit,
1107 2919 1298 2975 nonnunqum
1315 2903 1456 2974 accidisse,

435 2987 441 2998 '
467 3003 485 3038 u
533 2983 565 3038 ti

396 3003 550 3118 qml’seis'wiiu
568 3061 682 3132 attigisse
701 3059 877 3125 Cornelium,
898 3071 969 3131 patet
990 3079 1005 3113 e
1022 3061 1103 3114 Plinii
1118 3061 1232 3134 junioris
1249 3062 1361 3134 epistola
1376 3082 1456 3136 snpra

395 3155 608 3198 commemorata.
635 3137 760 3194 Defendit
774 3140 846 3193 enim
862 3139 891 3192 in
910 3157 953 3205 ea,
970 3139 1087 3194 Cornelii
1100 3151 1126 3194 et
1140 3153 1180 3193 tot
1190 3141 1304 3196 aliorum
1316 3144 1453 3214 exemplis,

396 3241 471 3276 susm
484 3223 512 3274 in
526 3219 671 3276 scribendis
682 3217 876 3290 recitandisque
894 3219 1028 3274 versiculis
1040 3220 1196 3274 libertatem.

397 3357 404 3370 ‚
437 3302 620 3355 Memomtttt’
634 3299 667 3352 ab
686 3299 815 3352 Amantiam
830 3297 986 3362 Marcellino,
1004 3299 1141 3362 Mareotis,
1158 3301 1297 3364 Pss'ses'arso,
1311 3303 1454 3364 Matio,

396 3383 515 3453 Epistulae
529 3379 636 3434 Cornelii
646 3377 681 3430 ad
696 3377 831 3431 Ciceronem
849 3389 873 3428 et
888 3377 1010 3431 Ciceronis
1031 3379 1066 3431 ad
1079 3378 1226 3442 Comeliam,
1242 3381 1362 3452 pluribus
1381 3381 1455 3436 libris

395 3462 518 3517 collectis.
527 3456 621 3512 Fidem
632 3457 744 3524 iaciunt,
759 3455 934 3511 intercessisse
944 3459 1014 3512 inter
1022 3459 1072 3512 bos
1083 3459 1155 3512 viros
1164 3457 1299 3530 quoddam
1308 3461 1454 3514 litterarum

394 3539 597 3602 commercium,
612 3549 733 3590 constans
744 3537 863 3590 Cornelii
875 3537 989 3592 smicitia
1003 3557 1064 3610 erga
1076 3539 1192 3592 Atticum
1200 3577 1208 3602 ‚
1229 3540 1365 3594 Ciceronis
1380 3541 1454 3594 iami-

395 3621 502 3685 liarem,
517 3631 544 3672 et
562 3616 645 3690 ipsius
663 3616 781 3670 Cornelii
794 3617 874 3670 verba
889 3615 923 3670 de
944 3617 1079 3672 Ciceronis
1094 3615 1128 3671 ad
1147 3620 1264 3672 Atticum
1277 3620 1407 3692 epistolis,
1426 3621 1453 3674 in

394 3703 449 3756 rita
462 3699 557 3762 Attici,
575 3715 632 3769 cap.
648 3699 693 3750 16.
708 3697 836 3768 Egregius
850 3697 929 3751 etiam
941 3697 1014 3750 testis
1027 3709 1067 3750 est
1084 3698 1226 3760 Sastmiss,
1248 3700 1339 3772 quiin
1358 3700 1413 3754 rita
1423 3700 1452 3754 C.

393 3783 461 3835 Julii
474 3777 584 3834 Cauris
601 3777 656 3849 ipsa
682 3776 759 3830 affert
778 3777 914 3830 Ciceronis
934 3775 967 3830 ad
985 3778 1139 3830 Cornelium
1157 3779 1253 3832 verbs:
1273 3777 1387 3845 .Quidt
1398 3797 1455 3832 ora·

397 3887 410 3910 ι
421 3873 512 3914 torum
525 3876 603 3930 quem
615 3857 679 3912 huic
691 3869 834 3928 antepones
844 3875 950 3922 eorum,
958 3857 1005 3924 qui
1018 3857 1086 3910 nibil
1099 3857 1171 3911 aliud
1185 3859 1383 3930 egeruntiQuis
1397 3877 1455 3912 sen·

398 3965 410 3989 ι
418 3940 507 3994 tentiis
517 3938 672 3991 autacutior
680 3950 725 3990 aut
733 3935 868 3991 crebrior?
879 3935 1091 4000 Quisrerbisant
1098 3939 1269 3992 ornatiorant
1276 3938 1451 4011 elegantior?-

394 4019 445 4074 sed
456 4017 577 4074 eamdem
593 4031 690 4071 sortem
701 4035 830 4089 perpessae
845 4015 1210 4090 messopotamiae:
1226 4031 1267 4072 tot
1281 4019 1347 4082 alia,
1360 4019 1455 4090 quibus

394 4099 535 4170 antiquitas
554 4095 698 4169 gaudebat,
717 4095 861 4151 volumina.
888 4097 1055 4152 emmiu
1075 4098 1184 4152 fortusse
1196 4099 1307 4153 fuissent
1320 4098 1456 4154 Ciceronis
