3284 5150
561 529 849 598 HANNIBAL.
1166 531 1237 628 237

177 659 220 748 Q.
242 656 362 728 Fabius
375 657 557 746 Maximus,
576 659 737 730 dictator¹
757 663 948 749 Romanus,
962 663 996 730 in
1011 685 1092 757 agro
1101 663 1240 733 Falerno

177 787 213 834 ae
234 765 264 834 ei
284 763 414 858 objecit.
444 766 507 834 Hic
530 763 660 835 clausus
682 764 830 836 locorum
853 769 1027 862 augustiis,
1050 783 1153 838 noctu
1170 772 1241 838 sinc

176 867 246 940 ullo
267 868 466 940 detrimento
475 873 638 942 exercitus
659 897 695 942 se
708 873 881 968 expedivit.
899 873 1016 960 Fabio,
1032 873 1241 946 callidissimo

177 961 403 1070 irnperatori³,
418 977 520 1046 verba
541 976 655 1047 dedit:
673 1002 832 1072 namque,
854 978 999 1049 obducta
1016 968 1147 1066 noctel,
1169 1005 1241 1070 sar-3

178 1096 291 1152 menta
302 1083 337 1150 in
354 1082 510 1152 cornibus
527 1082 747 1175 juvencorum
764 1084 905 1180 deligata
926 1085 1088 1174 incendit,
1107 1087 1241 1181 ejusque

179 1189 307 1282 generis
330 1186 574 1258 multitudinem
599 1213 753 1284 magnam
773 1189 967 1285 dispalatam
990 1193 1149 1281 immisit;
1174 1218 1241 1287 quo

179 1295 352 1388 repentino
369 1293 503 1388 objectu
522 1296 611 1382 viso,
631 1309 758 1366 tantum
779 1311 940 1366 terrorem
959 1297 1072 1390 injecit
1084 1301 1243 1368 exercitui

179 1401 407 1470 Romanorum
419 1453 429 1487 ,
443 1415 482 1469 ut
493 1400 606 1497 egredi
617 1415 710 1471 extra
726 1401 849 1472 vallum
863 1427 963 1474 nemo
972 1406 1016 1472 sit
1024 1428 1132 1475 ausus.
1146 1407 1242 1474 Hanc

181 1521 256 1600 post
282 1530 352 1575 rem
380 1521 505 1602 gestam
532 1510 666 1576 nonita
695 1507 806 1576 multis
826 1509 961 1598 dicbus,
985 1509 1032 1578 M.
1057 1512 1243 1580 Minucium

181 1612 323 1700 Rufum,
338 1614 531 1707 magistrum
545 1614 709 1707 equitum,
725 1615 796 1709 pari
811 1638 849 1683 ac
865 1601 1072 1684 dictatorcm⁵
1085 1617 1242 1712 imperio,

181 1717 258 1787 dolo
284 1717 484 1812 productum
512 1721 545 1787 in
571 1719 737 1814 praelium,
757 1719 891 1814 fugavit.
913 1721 985 1790 Tib.
1010 1723 1085 1790 Sem
1111 1725 1242 1792 rouium

182 1824 393 1911 Gracchum,
413 1825 532 1894 iterum
547 1825 735 1912 consulem,
754 1827 788 1894 in
804 1828 948 1896 Lucanis
962 1827 1080 1898 absens
1116 1831 1149 1897 in
1166 1830 1242 1898 insi·

181 1929 251 1998 dias
261 1930 432 2000 inductum
448 1929 587 2000 sustulit.
601 1931 648 2000 Μ.
662 1930 838 2000 Claudium
849 1931 1243 2030 Marcellum,quinquies

182 2035 370 2124 consulem,
387 2036 477 2132 apud
492 2039 673 2108 Venusiam
686 2039 758 2131 pari
770 2037 871 2108 modo
882 2039 1074 2111 interfecit7.
1087 2043 1242 2135 Longum

182 2292 214 2326 ex
226 2273 368 2328 Fabiorum
376 2285 453 2344 geute
465 2273 588 2328 Maaiauu
602 2273 691 2346 appel·
732 2269 794 2326 nius
820 2293 872 2345 qua
894 2272 1065 2339 escenderat,
1083 2272 1237 2342 descendit,

184 2353 253 2406 latua
263 2365 311 2406 eet.
736 2365 815 2424 atque
830 2353 913 2408 Gallia
926 2355 1006 2409 rerba
1021 2352 1103 2407 dedit
1119 2381 1130 2400 ι

225 2452 250 2486 a.
261 2433 380 2487 Dictator.
398 2430 586 2486 Prodictatora
599 2432 694 2497 Livio,
777 2440 805 2497 4,
824 2433 937 2486 Obducta
951 2447 1026 2486 nocte.
1046 2432 1079 2486 ld
1095 2447 1149 2499 eat,
1162 2435 1245 2487 nebu·

183 2511 693 2584 XX1L8‚dicitur:Sicsup.proetarloco
736 2513 807 2575 losa,
824 2513 943 2566 obscura.
956 2544 997 2557 -
1013 2513 1145 2566 Sarmenta.
1164 2513 1244 2567 Arida

181 2599 343 2664 pmproetorb.
352 2591 524 2648 Sedmalehic
533 2604 694 2646 nostertem·
737 2593 851 2657 seilicet,
869 2604 898 2646 ut
909 2591 983 2647 addit
998 2593 1098 2646 Lirim.
1109 2593 1245 2648 -Jtttea-

184 2674 272 2744 poris,
286 2691 427 2745 rerumque
449 2684 581 2743 gestarum
599 2671 695 2726 seriem
737 2691 825 2724 eorum
848 2673 890 2724 Al.
908 2675 1076 2744 jumentorum.
1097 2673 1201 2740 Buum,
1216 2687 1245 2726 ut

186 2753 696 2826 turbaequumantepugmmcrnnen-
738 2769 831 2804 omnes
845 2748 962 2806 madunt.

187 2831 694 2904 semexLiv.XX11‚16et17;Polyb.
781 2831 808 2884 5.
834 2831 897 2882 Pari
920 2851 950 2883 aa
973 2831 1113 2883 dictatorem
1140 2835 1244 2904 imperio.

186 2913 243 2977 m,
258 2915 311 2982 93;
325 2914 440 2986 Appiam
454 2909 489 2963 de
503 2913 534 2964 B.
556 2911 695 2966 Hannibal.
738 2908 820 2976 Quod
835 2928 970 2982 uunquam
985 2923 1059 2963 antea
1071 2913 1169 2964 lactum
1181 2925 1245 2964 erat.

190 2991 269 3058 XIV,
282 3006 309 3046 et
320 3013 353 3046 ex
369 2993 433 3047 sitio
448 2991 554 3049 Italico,
567 2991 636 3057 vn,
645 2991 697 3044 boc
739 2989 811 3043 Vide
825 2989 929 3061 Polyb,
944 2991 1064 3054 Livium,
1078 3003 1105 3044 et
1118 2993 1191 3046 alios.
1206 3023 1246 3036 -

189 3073 350 3126 lactnmeme
361 3082 492 3146 appareat.
505 3071 624 3125 Dictator
633 3089 696 3124 vero
740 3071 895 3123 Perductum.
909 3069 941 3124 ld
953 3083 1008 3136 est,
1022 3069 1114 3124 fraude
1133 3071 1162 3123 in
1182 3090 1248 3144 prae·

188 3169 306 3206 summus
321 3165 377 3206 erat
394 3150 546 3222 reipublicae
561 3151 697 3223 magistru-
740 3149 806 3204 lium
824 3147 975 3204 adductum.
990 3150 1168 3204 Laborantem
1182 3170 1247 3205 vero

189 3230 592 3303 tussiueproeocatione,quiin
602 3249 697 3302 magno
741 3229 891 3283 Minucium
906 3231 1019 3284 servarit
1033 3230 1137 3284 Fabius.

189 3311 340 3382 reipublicae
352 3310 525 3383 periculo,et
538 3323 641 3364 tentum
657 3328 698 3363 se·
782 3314 809 3364 6.
835 3310 939 3364 Absens.
964 3311 1015 3364 llas
1037 3329 1086 3382 per
1110 3311 1248 3382 Magonem

144 3422 149 3434 .
190 3391 311 3457 nestris,
326 3391 473 3444 creabatur.
741 3389 1156 3460 geata.absentellannibale,ad
1169 3409 1248 3463 quem

232 3469 258 3524 3.
273 3471 369 3533 Fabio,
385 3470 539 3522 callidissimo
552 3471 696 3539 imperaturi.
741 3469 786 3521 ille
810 3469 959 3523 exanimem
988 3471 1123 3524 consulem
1151 3483 1250 3523 extem·

190 3547 588 3604 CalliditatemeiCiceroetiam
597 3548 699 3614 tribuit,
741 3549 787 3620 plo
813 3549 892 3602 misit.
917 3581 958 3594 --
984 3551 1015 3602 Ia
1043 3550 1141 3602 insidias
1166 3550 1250 3602 iudae·

189 3629 237 3683 lib.
254 3629 267 3680 1
286 3627 320 3682 de
336 3629 460 3695 Officiis,
479 3626 551 3699 quod
575 3626 700 3681 videlicet
743 3641 801 3681 tuat.
817 3627 921 3682 Fraude
933 3629 1016 3682 Flavii
1028 3629 1128 3682 Lucani
1137 3629 1249 3701 hospitis

190 3709 266 3763 facile
287 3711 397 3776 celaret,
418 3721 528 3767 taceret,
551 3707 700 3762 dissimula·
743 3705 881 3779 deceptus,
901 3721 928 3761 et
950 3709 978 3760 in
1000 3707 1108 3761 insidias
1134 3727 1251 3779 praecept

191 3801 247 3853 ret,
262 3787 432 3844 insidiaretur
442 3788 623 3859 ‚hostiumque
639 3805 700 3840 con·
742 3786 819 3841 dutus
834 3799 886 3854 eat,
903 3787 950 3840 ubi
969 3800 1057 3840 tamen
1080 3787 1184 3841 fortiter
1200 3805 1252 3858 pu·

192 3867 249 3921 tilia
271 3868 434 3942 preriperet.
454 3869 554 3920 Ennea.
563 3899 604 3911 -
617 3867 700 3919 Verba
742 3885 824 3940 gnam
837 3866 926 3938 periit.
939 3864 1010 3918 Vide
1020 3867 1141 3930 Livium,
1156 3867 1251 3930 XXV,

190 3948 265 4000 dedit.
281 3948 444 4002 Proverbiali
467 3948 615 4013 locutione,
629 3947 702 4000 latuit
747 3949 792 4002 16.
806 3945 907 3999 Confer
919 3963 980 3998 cum
993 3945 1094 4000 ceteris.

190 4039 262 4099 atque
277 4027 401 4098 obrepsit,
417 4024 641 4100 quemadmodum
662 4027 700 4078 in·
785 4045 811 4095 7.
832 4025 963 4091 tmrsectr.
979 4027 1018 4078 De
1034 4043 1088 4096 quo
1102 4025 1193 4077 confer
1207 4024 1254 4077 Li·

191 4119 351 4178 terpretatur
366 4107 481 4170 Gellius,
498 4107 593 4171 xvn,
610 4125 636 4168 a,
652 4105 699 4158 has
743 4105 829 4171 vium,
841 4105 965 4176 Appiam,
979 4105 1072 4158 Silium
1085 4105 1216 4172 Italicum,
1225 4123 1254 4158 ac

191 4203 269 4240 voces
281 4187 386 4242 Claudii
393 4186 574 4257 Quadrigarii:
586 4211 597 4234 ι
608 4185 699 4238 Comi·
745 4184 927 4246 Plutarchum,
938 4185 966 4237 in
974 4185 1029 4237 rita
1037 4185 1118 4255 ipsius
1126 4185 1252 4239 Marcelli.
