3246 5134
585 559 904 630 AGESILAUS.
1204 569 1269 638 181

215 693 292 780 silii,
308 715 520 762 commovere
536 714 571 761 se
590 715 657 760 non
679 705 756 760 sunt
771 695 859 779 ausi,
873 718 979 788 eoque
1000 693 1169 785 libentius,
1188 701 1276 793 qnod

212 799 314 868 latere
336 797 600 885 arbitrabantur,
618 821 691 892 quaa
709 799 904 892 cogitarant.
1076 863 1081 886 ‚
1213 889 1215 892 Ι

266 907 343 974 VII.
358 905 435 973 Sine
458 903 559 974 dubio
577 906 876 998 postLeuctricam
896 929 1041 1000 pugnam
1060 907 1275 982 Lacedaemo·

211 1013 255 1079 nii
277 1035 312 1078 se
337 1035 506 1105 nunquam
533 1011 719 1080 refecerunt
728 1009 750 1096 ¹,
770 1035 876 1105 neque
905 1014 1272 1109 pristinunnimpen'um

211 1131 473 1212 recuperarunt:
492 1142 596 1210 quum
618 1118 748 1185 interim
762 1116 932 1212 Agesilaus
953 1143 1022 1187 non
1038 1117 1178 1208 destitit,
1196 1127 1271 1217 qui-

211 1223 415 1318 buscumque
429 1223 527 1292 rebus
544 1238 673 1318 posset,
683 1225 823 1317 patriam
837 1223 963 1316 juvare.
973 1227 1060 1294 Nam
1073 1251 1176 1319 quum
1189 1252 1271 1322 prae

209 1331 306 1424 cipue
327 1327 569 1398 Lacedaemonii
584 1328 770 1423 indigerent
788 1331 946 1424 pecunia,
959 1329 1013 1400 ille
1033 1333 1203 1421 omnibus,
1215 1337 1271 1429 qui

209 1459 227 1504 a
246 1461 324 1530 rege
342 1435 550 1521 defecerant,
565 1434 717 1530 praesidio
737 1433 810 1504 fuit²
827 1461 834 1504 :
850 1461 869 1506 a
888 1435 1007 1530 quibus
1026 1462 1146 1532 magna
1163 1439 1269 1510 dona-

209 1555 261 1611 tus
287 1544 446 1638 pecunia,
464 1543 605 1637 patriam
625 1541 818 1610 sublevavit.
841 1543 951 1636 Atque
980 1543 1014 1610 in
1041 1543 1107 1613 boc
1133 1543 1213 1615 illud
1235 1549 1269 1616 in

209 1650 322 1741 primis
344 1649 407 1717 fuit
424 1647 636 1734 admirabile,
651 1672 755 1742 quum
769 1651 913 1718 maxima
933 1671 1070 1718 munera
1092 1653 1121 1719 ei
1139 1675 1159 1718 a
1180 1655 1268 1748 regi-

206 1753 284 1843 bus,
302 1769 336 1824 et
362 1754 526 1848 dynastis,
550 1753 800 1849 civitatibusque
814 1754 1052 1826 conferrentur
1071 1783 1078 1824 :
1099 1757 1180 1826 nihil
1202 1783 1268 1827 un-

205 1885 304 1954 quam
330 1862 363 1928 in
390 1861 526 1930 domurn
552 1885 646 1930 suam
668 1860 824 1948 contulit,
839 1860 921 1930 nibil
942 1861 983 1932 de
1003 1863 1113 1949 victu,
1127 1863 1208 1934 nihil
1227 1865 1268 1934 de

205 1969 324 2036 vestitu
347 1971 519 2036 Laconum
540 1969 682 2036 mutavit
690 1953 712 2035 ³.
732 1969 845 2037 Domo
862 1967 976 2036 eadem
998 1967 1059 2038 fuit
1077 1983 1268 2060 contentus,

204 2097 269 2166 qua
295 2061 551 2168 Eurysthenes⁴‚
579 2076 770 2170 progenitor
797 2075 957 2167 majorum
982 2100 1135 2162 suorum,
1151 2075 1269 2146 ,fuerat

205 2203 302 2249 usus:
322 2205 426 2275 quarn·
444 2183 499 2275 qui
522 2181 679 2268 intrarat,
699 2180 826 2250 nullum
856 2182 985 2275 signum
1007 2180 1167 2268 libidinis,
1189 2182 1263 2251 nul·

204 2283 270 2354 lurn
285 2285 421 2356 luxurie
437 2287 550 2356 videre
565 2301 718 2382 poterat3
736 2301 853 2356 contra
873 2311 930 2375 ea,
944 2285 1084 2381 plurima
1100 2288 1265 2381 patientiae

201 2405 300 2487 atque
321 2393 535 2462 abstinentiae.
552 2394 605 2463 Sic
621 2395 709 2462 onim
726 2407 799 2462 erut
817 2395 995 2480 instructa,
1012 2409 1051 2462 ut
1067 2391 1157 2463 nulla
1175 2396 1209 2468 iu
1227 2419 1263 2464 re

202 2498 351 2570 differret
371 2523 392 2567 a
409 2485 574 2594 cujusvis⁵
589 2502 697 2594 inopis
713 2514 811 2594 atque
829 2500 957 2594 privati.

203 2708 268 2783 fngii
285 2729 337 2762 non
352 2711 534 2775 consciorum,
554 2709 586 2762 iis
602 2728 709 2780 augere·
754 2709 875 2760 Laconum
896 2711 1002 2762 nutavit.
1026 2707 1125 2762 Eadem
1150 2710 1205 2762 fere
1228 2709 1262 2765 de

201 2805 260 2856 tur,
271 2809 339 2862 quoq
350 2791 482 2862 Agesilaus
491 2808 522 2841 ex
537 2789 603 2842 urbe
616 2808 648 2841 eo
662 2790 710 2842 mi·
754 2789 859 2840 Viriato
875 2801 984 2842 testetur
999 2788 1136 2852 Iustinus,
1155 2786 1261 2854 XLIV,

199 2870 395 2939 serat—Qua
414 2874 557 2938 cogituront.
573 2867 708 2940 Cogitata,
755 2887 809 2920 πει
822 2868 1069 2940 Cujus,inquit,ea
1082 2868 1167 2922 virtus
1177 2867 1261 2921 conti-

198 2950 307 3003 oonsilia
322 2947 356 3001 de
372 2949 528 3019 transfugio.
752 2948 893 3018 neutiaque
909 2947 973 3013 fuit,
987 2960 1031 3011 ut,
1045 2966 1129 3019 quum
1142 2948 1260 3002 consula·

237 3027 706 3096 cn.v11‚r.Smfecmn.'rr·ns-
751 3045 793 3079 res
817 3026 947 3082 exereitus
970 3027 1122 3099 frequenter
1147 3027 1259 3092 vicerit,

198 3110 261 3162 latio
274 3111 308 3162 ab
321 3109 367 3175 iis,
376 3109 446 3179 quin
460 3105 579 3178 deliquio
594 3121 706 3179 autgra-
750 3107 830 3160 tantis
842 3107 921 3160 rebus
935 3108 1093 3179 μώμου
1107 3125 1260 3172 annornm,

197 3189 225 3240 vi
237 3189 331 3240 inorbo
347 3207 375 3242 ee
390 3189 559 3259 recolligunt,
576 3199 621 3240 aut
637 3189 706 3242 vires
749 3205 804 3239 non
823 3185 902 3239 vestis
927 3188 1042 3254 cultum,
1064 3203 1119 3240 non
1142 3184 1258 3259 denique

198 3279 329 3340 reparant
340 3269 380 3321 lta
387 3267 490 3320 Sallust.
503 3264 560 3338 Cat.
573 3267 703 3320 XLVIII:
748 3267 850 3320 cultum
858 3267 1014 3331 mutaverit3
1024 3264 1071 3320 sed
1080 3267 1256 3332 ineobabitu,

200 3373 212 3394 ι
231 3348 292 3412 Quo
306 3357 332 3400 et
344 3361 490 3400 ceterorum
507 3347 608 3399 animoa
627 3347 706 3418 refice·
749 3364 802 3417 quo
818 3347 935 3419 primum
950 3347 1048 3400 bellare
1063 3346 1155 3418 capit,
1167 3363 1256 3419 perae·

196 3438 261 3480 ret·
277 3424 387 3499 Proprie
398 3447 459 3481 usus
472 3427 593 3498 estVirg.
606 3427 703 3500 Georg.
747 3425 927 3490 veraverit‚nt
940 3425 1027 3498 quiris
1038 3427 1170 3497 gregatim
1181 3427 1256 3480 miles

194 3507 249 3573 111,
263 3506 318 3560 235
335 3525 342 3560 :
748 3505 805 3575 ipso
820 3507 979 3578 imperatore
990 3507 1143 3577 opulentior
1154 3505 1256 3560 videre·

194 3585 242 3624 Post
252 3585 286 3623 ubi
298 3583 399 3625 eoum
412 3587 485 3632 robur.
494 3587 583 3638 viresque
591 3585 675 3624 nteeu.
746 3595 797 3637 tuf,
812 3612 824 3632 ,

192 3697 234 3709 --
244 3666 328 3739 Neque
337 3669 464 3738 pristinum
485 3667 614 3738 inperium.
630 3667 704 3720 Scili·
788 3673 814 3730 4.
831 3666 1003 3739 Eurystheus.
1023 3665 1076 3730 Qui
1091 3665 1142 3718 fuit
1156 3665 1256 3718 Aristo·

193 3758 234 3798 cet
250 3747 278 3799 in
295 3759 396 3799 ceteros
408 3746 523 3800 Grecos.
745 3742 817 3797 demi
830 3745 914 3810 lilius,
927 3759 954 3798 et
968 3744 1067 3796 Proelia
1081 3743 1170 3796 frater.
1183 3742 1253 3798 Vide

235 3844 261 3878 a.
276 3825 405 3890 Omnibus,
417 3830 480 3900 quia
489 3845 544 3897 rege
552 3827 702 3893 defecerunt,
745 3822 1045 3878 Pausaniam-Contra
1053 3844 1090 3885 ea,
1100 3824 1254 3894 plur-inrupe-

189 3905 302 3973 presidio
303 3908 364 3972 suit.
370 3905 461 3959 Tacho
468 3907 496 3959 in
504 3907 596 3978 primis
604 3907 702 3978 AEgyp·
745 3908 836 3956 tientioe
848 3916 919 3977 atquae
933 3903 1089 3956 abstinentiae.
1108 3899 1178 3953 Vide
1194 3901 1254 3954 Plu·

193 3984 262 4048 tl,et
275 3985 397 4038 Mausolo
409 3987 493 4039 Caria
501 3986 700 4057 regi,nquibns
744 3985 863 4038 tarcbnm
889 3984 917 4036 in
940 3981 1071 4054 Agesilao,
1084 3981 1132 4052 qni
1147 3979 1181 4033 de
1196 3985 1251 4052 ejus

190 4063 268 4116 etiam
277 4065 391 4118 maxima
401 4063 698 4138 accepitrnunera.Vid.
742 4063 891 4135 frugalitate
908 4063 935 4115 in
951 4063 1037 4125 victu,
1052 4060 1178 4133 cultuque
1192 4079 1251 4114 oor·

190 4143 313 4216 Xenopb.
328 4143 355 4196 in
372 4146 469 4217 Ageril.
483 4147 525 4212 11,
541 4163 586 4214 ²7·
742 4145 828 4215 poris,
843 4142 958 4216 plurima
969 4142 1050 4194 verba
1061 4141 1132 4195 facit.
1145 4141 1249 4195 Connr.

232 4223 255 4276 3.
269 4225 343 4279 Nili!
355 4225 386 4277 de
398 4229 476 4290 uictu,
493 4225 558 4277 nibil
569 4225 599 4276 de
610 4225 698 4275 vestitu
784 4223 810 4276 ⁵.
821 4224 849 4277 A
858 4223 1025 4292 cujusvupu.
1038 4221 1151 4294 Supple,
1160 4219 1249 4274 dono.

1071 4315 1083 4354 3

1017 4354 1057 4398 tn
