3200 5130
509 559 849 629 lucinianus.
1162 562 1209 660 75

150 683 326 756 dicendam
344 682 483 768 rediret,
505 697 654 777 essetque
672 685 706 751 in
721 707 841 778 magna
856 706 913 780 spe
929 686 1108 779 provinciae
1127 686 1211 758 bene

151 789 417 861 administrandae
432 816 442 876 ;
460 813 528 858 non
550 813 666 884 parere
686 787 807 878 noluit,
825 805 858 859 ct
879 791 912 858 in
933 794 1119 880 triremem,
1138 819 1211 888 quae

151 899 194 967 ad
212 923 289 966 curn
307 895 549 991 deportandum
567 910 639 963 erat
658 882 793 984 missa⁵‚
805 896 960 966 ascendit.
980 901 1052 968 Hac
1069 899 1212 970 Thurios

152 1007 187 1072 in
207 1003 338 1073 Italiam
353 1015 545 1098 pervectus,
562 1001 666 1071 multa
684 1025 794 1072 secum
815 1017 970 1097 reputans
987 1004 1029 1076 de
1048 1005 1211 1074 immode-

152 1124 223 1179 rata
240 1113 362 1180 civium
384 1133 519 1178 suorum
538 1107 682 1193 licentia,
698 1107 954 1203 crudelitateque
972 1135 1048 1205 erga
1068 1110 1212 1198 nobiles,

152 1215 362 1285 utilissimum
390 1229 507 1298 ratus,
535 1213 778 1308 impendentem
806 1217 930 1284 evitare
959 1231 1211 1311 tempestatem,

153 1321 238 1390 clam
258 1347 292 1391 se
311 1320 534 1390 acustodibus
548 1305 735 1408 subduxit⁶,
749 1333 782 1388 et
802 1319 878 1389 inde
901 1322 1045 1416 primum
1063 1321 1212 1409 Elidem,

152 1427 272 1496 deinde.
284 1427 415 1496 Thebas
435 1428 534 1496 veuit.
557 1427 734 1519 Postquam
753 1441 862 1495 autem
885 1451 919 1498 se
940 1429 1054 1522 capitis
1070 1427 1211 1497 damna·

153 1549 225 1602 tum
235 1533 260 1621 ⁷,
277 1532 372 1602 honis
391 1531 584 1627 publicatis,
603 1531 746 1620 audivit,
765 1547 814 1620 et,
832 1532 866 1601 id
879 1532 968 1627 quod
984 1557 1046 1603 usu
1059 1548 1211 1623 venerat,

152 1638 368 1734 Eumolpidas
386 1637 571 1708 sacerdotes
591 1661 612 1706 a
633 1637 757 1733 populo
777 1653 928 1730 coactos,
949 1653 987 1708 ut
1007 1659 1044 1709 se
1067 1639 1209 1708 devove-

153 1760 254 1833 rent,
278 1746 415 1840 ejusque
441 1744 649 1832 devotionis,
671 1768 737 1838 quo
761 1747 909 1814 testatior
928 1761 1013 1815 esset
1035 1747 1211 1832 momoria,

153 1851 358 1946 exemplum,
376 1853 410 1920 in
430 1850 496 1946 pila
517 1849 644 1946 lapidea
664 1851 821 1938 incisum,
839 1875 908 1920 esse
930 1854 1073 1946 positum
1096 1853 1130 1920 in
1150 1877 1210 1947 pu·

152 1955 240 2028 blico
254 1984 264 2044 3
278 1957 550 2028 lacedaemonem
568 1956 771 2052 demigravit
792 1957 863 2042 lbi,
885 1971 923 2026 ut
943 1959 1012 2052 ipse
1032 1957 1212 2052 predicare

153 2049 401 2152 consueverat⁸,
419 2089 486 2132 non
508 2062 665 2132 adversus
685 2065 847 2158 patriam,
867 2063 924 2133 sed
945 2065 1094 2134 inimicos
1115 2089 1213 2154 suos,

196 2251 228 2310 5.
242 2253 306 2322 Ques
321 2253 356 2304 od
366 2272 417 2304 cum
428 2251 598 2324 deportandam
612 2264 664 2304 erat
707 2253 812 2308 Rosius.
821 2253 1037 2324 -Eumolpidoc
1050 2253 1093 2307 Ab
1102 2253 1212 2306 Eumol·

156 2333 235 2385 missa.
250 2331 324 2402 Nave
341 2331 482 2384 Salaminia
497 2329 588 2384 reduci
608 2333 663 2402 jus·
707 2351 743 2402 po
766 2331 881 2403 quodam
903 2351 1069 2404 rege,quem
1093 2333 1213 2404 AEgyptii

155 2429 214 2464 sum
228 2431 284 2465 esse
297 2409 458 2464 Alcibiadem
472 2409 580 2464 tradunt
591 2411 665 2463 'lhu-
707 2413 808 2481 generis
822 2412 900 2466 luisse
908 2411 988 2466 refert
998 2409 1211 2478 Diodorus;vel,

156 2489 217 2562 cyd.
229 2503 255 2544 et
267 2489 346 2544 Diod.
359 2491 387 2544 ll.
401 2491 470 2543 infra
483 2509 521 2543 cc.
537 2491 622 2552 Plut,
634 2491 663 2542 in
707 2504 737 2543 ut
752 2491 810 2544 aliis
822 2492 922 2562 placet,
932 2491 965 2544 ab
975 2491 1026 2544 alio
1038 2490 1153 2562 quodam
1160 2492 1212 2544 Eo·

155 2570 257 2623 Pericle
269 2583 295 2622 et
307 2567 495 2642 Lysand.‚etc.
504 2567 664 2642 Thucydet
707 2569 813 2640 molpo,
839 2570 992 2623 Atheniensi
1017 2583 1113 2642 poeta,
1131 2589 1210 2642 quem

155 2647 664 2720 Diod.scrihunteumtameninpropria
706 2647 799 2701 Suidas
814 2649 905 2702 Musaei
922 2661 1021 2721 poete,
1035 2647 1142 2720 quidam
1158 2650 1211 2702 Or·

156 2727 662 2794 nave,sedunacumSalaminiavectum.
706 2727 768 2800 phei
780 2727 865 2780 filium
876 2727 976 2781 dicrmt.
988 2728 1039 2781 Ilio
1049 2740 1109 2781 ante
1117 2729 1211 2782 Hosne·

198 2813 226 2863 6.
241 2807 376 2861 Clausen
393 2809 526 2861 custodibus
542 2807 662 2862 subducit.
706 2827 766 2860 rum
777 2805 1210 2861 fuissetraditur.VideDeSainte
1257 2806 1263 2818 ’

156 2887 251 2941 Facilis
267 2901 353 2942 autem
369 2887 512 2940 Alcibiadis
524 2875 663 2960 sagunen
707 2885 796 2949 Cror's,
814 2905 893 2960 opere
906 2885 1069 2939 laudato—
1081 2887 1210 2939 Teststs'ar.

156 2967 228 3020 enim
245 2967 381 3033 custodes,
393 2982 423 3021 ut
436 2967 663 3032 sitnoster,elfu-
706 2965 757 3020 Per
768 2979 939 3020 monumenta
960 2966 1049 3019 notior
1069 2979 1146 3037 atque
1162 2966 1210 3018 fir·

156 3047 208 3118 gitt
217 3049 349 3109 ζητοῦντας
355 3065 433 3112 vero,
441 3060 505 3100 teste
512 3047 663 3100 Plutarcho.
706 3045 783 3099 mior.
791 3047 867 3100 -In
876 3047 930 3118 pila
942 3047 1045 3117 lapidas.
1055 3045 1140 3110 luha,
1152 3047 1209 3110 vt,

157 3127 211 3192 Qui
227 3129 352 3188 ζητοῦντες
371 3140 445 3180 erant
464 3127 492 3179 in
511 3127 574 3181 navi
592 3127 663 3180 Sala·
706 3127 798 3198 plures
809 3127 889 3180 fuisse
900 3127 936 3179 ait
948 3126 1015 3198 pilas
1024 3126 1052 3178 in
1063 3126 1159 3197 quibus
1167 3143 1210 3178 ex·
1224 3173 1226 3176 .

156 3205 315 3270 minia,non
326 3205 353 3258 in
368 3207 444 3272 nari,
457 3225 509 3278 qua
520 3207 664 3260 vehebatur
705 3208 803 3259 ecratio
812 3205 1208 3277 essetincisaz·1ttaqueille...

156 3284 315 3340 Alcibiades.
329 3285 405 3338 Adde
416 3285 540 3357 'I'lrueyd
552 3287 606 3350 vl,
616 3291 663 3354 61,
706 3284 733 3338 in
742 3304 814 3338 mare
824 3285 1211 3358 precipitatum-Lacedaemo·

156 3376 184 3418 et
196 3362 361 3432 Diodorum,
374 3363 454 3430 XIII,
472 3367 497 3418 5.
705 3385 756 3417 nem
779 3365 927 3436 dems'graut.
937 3365 986 3418 'Sic
1006 3365 1161 3418 Plutarchus
1180 3365 1208 3417 in

198 3463 225 3514 7.
236 3446 367 3518 Postquam
380 3457 457 3497 auten
467 3447 584 3516 secopslis
594 3445 662 3496 darn-
704 3443 853 3508 Alcibiade,
864 3457 890 3497 et
903 3443 980 3497 Diod.
995 3443 1046 3498 Sic.
1061 3445 1139 3498 XIII.
1151 3445 1210 3496 Hoc

157 3535 251 3585 numm,
262 3538 311 3578 etc.
324 3525 422 3578 Preter
428 3521 590 3596 Thucydid,
602 3523 664 3576 Dio-
705 3525 768 3577 item
782 3524 922 3594 Polyaenus
932 3525 1013 3578 refert
1022 3523 1142 3596 pluribus
1152 3541 1210 3576 ver·

157 3601 254 3656 dorum
269 3617 296 3657 et
310 3603 495 3668 Plutarchum,
506 3603 567 3657 ride
581 3603 663 3656 AElia·
705 3603 761 3669 bis,
776 3603 803 3668 1,
816 3603 942 3676 Strateg.;
957 3603 1089 3670 lustinus,
1104 3603 1160 3667 VI,
1182 3619 1206 3654 ι.

158 3701 222 3734 uum
250 3695 276 3735 et
298 3683 442 3738 Iustinum.
464 3683 532 3736 Nam
553 3681 663 3755 capitale
705 3681 868 3754 Migrationis
879 3701 982 3736 causam
994 3683 1103 3754 exponit
1114 3683 1141 3734 in
1152 3683 1208 3752 ejus

158 3775 214 3814 erat
230 3763 355 3834 mysteria
370 3765 502 3835 evulgare3
513 3776 539 3816 et
549 3763 662 3816 convicti
704 3763 758 3815 vita
771 3761 1022 3826 Malrezaosltalus,
1033 3782 1059 3834 p.
1074 3762 1206 3832 183seqq.

158 3841 243 3914 capite
263 3841 471 3907 damnabantur,
483 3843 605 3914 bonaque
617 3861 662 3895 eo·
745 3843 771 3895 8.
789 3843 823 3895 tn
837 3846 885 3914 pse
903 3843 1036 3914 predicare
1050 3851 1207 3893 consueverat.

156 3939 218 3974 rum
230 3922 440 3993 publicabuntur.
450 3919 521 3974 Vide
533 3921 611 3975 Petit.
628 3919 662 3975 ad
705 3922 782 3974 Extat
797 3919 832 3976 de
848 3922 898 3974 bac
917 3939 947 3973 re
961 3920 1096 3993 popularis
1114 3919 1207 3972 concio

158 4001 220 4072 Leg.
232 4001 505 4068 Attic.1,1‚etVlII,
518 4007 543 4065 A.
552 3999 664 4054 Alcibia-
705 4001 776 4074 apud
797 3999 998 4073 Thucydidem,
1011 4001 1060 4052 vt.
1076 3997 1148 4051 Vide
1161 4016 1208 4071 pa·

158 4078 319 4134 donantem
337 4087 448 4154 mysteria
462 4085 593 4133 enuntiasse
605 4099 661 4132 cre-
703 4082 769 4136 riter
784 4080 855 4154 apud
872 4081 1093 4150 Xenophontem,
1106 4080 1135 4143 1,
1154 4095 1208 4144 ιο,

158 4157 257 4227 ditum,
270 4181 284 4214 e
297 4161 417 4227 Iastium
429 4163 550 4231 sacrdegr'i
564 4161 661 4212 damna·
703 4161 857 4234 popularem
872 4160 963 4215 eadem
975 4159 1009 4214 de
1024 4179 1053 4213 re
1065 4159 1208 4214 excusatio·

159 4250 218 4301 tum,
239 4259 254 4292 e
268 4255 359 4295 nostro
375 4243 458 4306 infra,
473 4241 531 4308 vt,
544 4253 658 4312 apparet.
704 4259 765 4292 nem
784 4253 811 4293 et
830 4241 1027 4296 ahsolutionem.
1038 4240 1142 4295 -Non
1161 4238 1217 4290 ad·-
