<?xml version="1.0" encoding="UTF-8"?>
<!DOCTYPE html PUBLIC "-//W3C//DTD XHTML 1.0 Transitional//EN"
    "http://www.w3.org/TR/xhtml1/DTD/xhtml1-transitional.dtd">
<html xmlns="http://www.w3.org/1999/xhtml" xml:lang="en" lang="en">
 <head>
  <title>
</title>
<meta http-equiv="Content-Type" content="text/html;charset=utf-8" />
  <meta name='ocr-system' content='tesseract 3.04.00' />
  <meta name='ocr-capabilities' content='ocr_page ocr_carea ocr_par ocr_line ocrx_word'/>
</head>
<body>
  <div class='ocr_page' id='page_1' title='image "./corneliusnepose00descgoog_0346.png"; bbox 0 0 3284 5150; ppageno 0'>
   <div class='ocr_carea' id='block_1_1' title="bbox 601 470 1246 570">
    <p class='ocr_par' dir='ltr' id='par_1_1' title="bbox 601 470 1246 570">
     <span class='ocr_line' id='line_1_1' title="bbox 601 470 1246 570; baseline 0.009 -32"><span class='ocrx_word' id='word_1_1' title='bbox 601 470 838 538; x_wconf 71' lang='lat' dir='ltr'>linteus.</span> <span class='ocrx_word' id='word_1_2' title='bbox 1175 497 1246 570; x_wconf 66' lang='grc' dir='ltr'><strong>ψ</strong></span> 
     </span>
    </p>
   </div>
   <div class='ocr_carea' id='block_1_2' title="bbox 187 597 1251 1757">
    <p class='ocr_par' dir='ltr' id='par_1_2' title="bbox 187 597 1250 802">
     <span class='ocr_line' id='line_1_2' title="bbox 188 597 1250 697; baseline 0.004 -27"><span class='ocrx_word' id='word_1_3' title='bbox 188 601 385 697; x_wconf 86' lang='lat' dir='ltr'>prudentia,</span> <span class='ocrx_word' id='word_1_4' title='bbox 401 600 459 694; x_wconf 88' lang='lat' dir='ltr'>qui</span> <span class='ocrx_word' id='word_1_5' title='bbox 476 623 517 670; x_wconf 88' lang='lat' dir='ltr'>ex</span> <span class='ocrx_word' id='word_1_6' title='bbox 533 613 584 672; x_wconf 86' lang='lat' dir='ltr'>tot</span> <span class='ocrx_word' id='word_1_7' title='bbox 603 615 737 696; x_wconf 88' lang='lat' dir='ltr'>tamque</span> <span class='ocrx_word' id='word_1_8' title='bbox 752 601 908 696; x_wconf 80' lang='lat' dir='ltr'>gravibus</span> <span class='ocrx_word' id='word_1_9' title='bbox 928 597 1081 696; x_wconf 84' lang='lat' dir='ltr'>procellis</span> <span class='ocrx_word' id='word_1_10' title='bbox 1099 601 1250 674; x_wconf 87' lang='lat' dir='ltr'>civilibus</span> 
     </span>
     <span class='ocr_line' id='line_1_3' title="bbox 187 705 698 802; baseline -0.006 -25"><span class='ocrx_word' id='word_1_11' title='bbox 187 706 230 777; x_wconf 89' lang='lat' dir='ltr'>ad</span> <span class='ocrx_word' id='word_1_12' title='bbox 249 706 509 778; x_wconf 80' lang='lat' dir='ltr'><strong>incolumitatem</strong></span> <span class='ocrx_word' id='word_1_13' title='bbox 527 705 698 802; x_wconf 78' lang='lat' dir='ltr'>pervenit?</span> 
     </span>
    </p>

    <p class='ocr_par' dir='ltr' id='par_1_3' title="bbox 188 811 1251 1757">
     <span class='ocr_line' id='line_1_4' title="bbox 239 811 1249 912; baseline 0.003 -30"><span class='ocrx_word' id='word_1_14' title='bbox 239 813 300 882; x_wconf 88' lang='lat' dir='ltr'>x1.</span> <span class='ocrx_word' id='word_1_15' title='bbox 320 813 452 903; x_wconf 88' lang='lat' dir='ltr'>Quibus</span> <span class='ocrx_word' id='word_1_16' title='bbox 472 838 512 882; x_wconf 88' lang='lat' dir='ltr'>ex</span> <span class='ocrx_word' id='word_1_17' title='bbox 526 811 619 882; x_wconf 89' lang='lat' dir='ltr'>malis</span> <span class='ocrx_word' id='word_1_18' title='bbox 638 827 677 883; x_wconf 92' lang='lat' dir='ltr'>ut</span> <span class='ocrx_word' id='word_1_19' title='bbox 691 838 726 882; x_wconf 86' lang='lat' dir='ltr'>se</span> <span class='ocrx_word' id='word_1_20' title='bbox 740 811 948 900; x_wconf 84' lang='lat' dir='ltr'>emerserat¹,</span> <span class='ocrx_word' id='word_1_21' title='bbox 965 811 1046 882; x_wconf 89' lang='lat' dir='ltr'>nihil</span> <span class='ocrx_word' id='word_1_22' title='bbox 1060 813 1149 884; x_wconf 82' lang='lat' dir='ltr'>aliud</span> <span class='ocrx_word' id='word_1_23' title='bbox 1165 819 1249 912; x_wconf 83' lang='lat' dir='ltr'>egit,</span> 
     </span>
     <span class='ocr_line' id='line_1_5' title="bbox 188 917 1247 1014; baseline 0.007 -27"><span class='ocrx_word' id='word_1_24' title='bbox 188 943 287 1014; x_wconf 86' lang='lat' dir='ltr'>quam</span> <span class='ocrx_word' id='word_1_25' title='bbox 301 933 340 988; x_wconf 92' lang='lat' dir='ltr'>ut</span> <span class='ocrx_word' id='word_1_26' title='bbox 350 917 514 1013; x_wconf 86' lang='lat' dir='ltr'>plurimis,</span> <span class='ocrx_word' id='word_1_27' title='bbox 523 918 642 1013; x_wconf 89' lang='lat' dir='ltr'>quibus</span> <span class='ocrx_word' id='word_1_28' title='bbox 655 920 754 988; x_wconf 89' lang='lat' dir='ltr'>rebus</span> <span class='ocrx_word' id='word_1_29' title='bbox 767 933 893 1013; x_wconf 85' lang='lat' dir='ltr'>posset,</span> <span class='ocrx_word' id='word_1_30' title='bbox 903 919 1122 989; x_wconf 85' lang='lat' dir='ltr'>essetauxilio.</span> <span class='ocrx_word' id='word_1_31' title='bbox 1133 923 1247 1011; x_wconf 89' lang='lat' dir='ltr'>Quum</span> 
     </span>
     <span class='ocr_line' id='line_1_6' title="bbox 189 1025 1250 1121; baseline 0.005 -27"><span class='ocrx_word' id='word_1_32' title='bbox 189 1027 392 1120; x_wconf 86' lang='lat' dir='ltr'>proscriptos</span> <span class='ocrx_word' id='word_1_33' title='bbox 424 1027 567 1120; x_wconf 79' lang='lat' dir='ltr'>praemiis</span> <span class='ocrx_word' id='word_1_34' title='bbox 600 1027 837 1121; x_wconf 86' lang='lat' dir='ltr'>imperatorum</span> <span class='ocrx_word' id='word_1_35' title='bbox 870 1025 989 1120; x_wconf 80' lang='lat' dir='ltr'>vulgus</span> <span class='ocrx_word' id='word_1_36' title='bbox 1020 1029 1250 1121; x_wconf 88' lang='lat' dir='ltr'>conquireret,</span> 
     </span>
     <span class='ocr_line' id='line_1_7' title="bbox 188 1129 1250 1225; baseline 0.004 -25"><span class='ocrx_word' id='word_1_37' title='bbox 188 1155 288 1200; x_wconf 88' lang='lat' dir='ltr'>nemo</span> <span class='ocrx_word' id='word_1_38' title='bbox 313 1133 346 1200; x_wconf 92' lang='lat' dir='ltr'>in</span> <span class='ocrx_word' id='word_1_39' title='bbox 368 1129 527 1225; x_wconf 86' lang='lat' dir='ltr'>Epirum²</span> <span class='ocrx_word' id='word_1_40' title='bbox 554 1133 661 1218; x_wconf 82' lang='lat' dir='ltr'>venit,</span> <span class='ocrx_word' id='word_1_41' title='bbox 681 1134 735 1200; x_wconf 92' lang='lat' dir='ltr'>cui</span> <span class='ocrx_word' id='word_1_42' title='bbox 757 1157 808 1200; x_wconf 86' lang='lat' dir='ltr'>res</span> <span class='ocrx_word' id='word_1_43' title='bbox 832 1129 898 1200; x_wconf 87' lang='lat' dir='ltr'>ulla</span> <span class='ocrx_word' id='word_1_44' title='bbox 926 1130 1097 1217; x_wconf 81' lang='lat' dir='ltr'>defuerit3</span> <span class='ocrx_word' id='word_1_45' title='bbox 1128 1137 1250 1204; x_wconf 87' lang='lat' dir='ltr'>nemini</span> 
     </span>
     <span class='ocr_line' id='line_1_8' title="bbox 190 1236 1249 1332; baseline 0.005 -27"><span class='ocrx_word' id='word_1_46' title='bbox 190 1261 258 1306; x_wconf 90' lang='lat' dir='ltr'>non</span> <span class='ocrx_word' id='word_1_47' title='bbox 279 1238 324 1305; x_wconf 91' lang='lat' dir='ltr'>ibi</span> <span class='ocrx_word' id='word_1_48' title='bbox 345 1250 506 1332; x_wconf 86' lang='lat' dir='ltr'>perpetuo</span> <span class='ocrx_word' id='word_1_49' title='bbox 529 1237 684 1308; x_wconf 88' lang='lat' dir='ltr'>manendi</span> <span class='ocrx_word' id='word_1_50' title='bbox 706 1251 851 1332; x_wconf 78' lang='lat' dir='ltr'>potestas</span> <span class='ocrx_word' id='word_1_51' title='bbox 873 1236 962 1308; x_wconf 81' lang='lat' dir='ltr'>sacta</span> <span class='ocrx_word' id='word_1_52' title='bbox 982 1251 1041 1306; x_wconf 84' lang='lat' dir='ltr'>est.</span> <span class='ocrx_word' id='word_1_53' title='bbox 1063 1239 1131 1328; x_wconf 91' lang='lat' dir='ltr'>Qui</span> <span class='ocrx_word' id='word_1_54' title='bbox 1152 1243 1249 1310; x_wconf 86' lang='lat' dir='ltr'>ctiam</span> 
     </span>
     <span class='ocr_line' id='line_1_9' title="bbox 189 1328 1247 1438; baseline 0.004 -27"><span class='ocrx_word' id='word_1_55' title='bbox 189 1357 266 1437; x_wconf 90' lang='lat' dir='ltr'>post</span> <span class='ocrx_word' id='word_1_56' title='bbox 288 1341 438 1437; x_wconf 81' lang='lat' dir='ltr'>praelium</span> <span class='ocrx_word' id='word_1_57' title='bbox 456 1341 665 1438; x_wconf 86' lang='lat' dir='ltr'>Philippense</span> <span class='ocrx_word' id='word_1_58' title='bbox 674 1328 698 1430; x_wconf 81' lang='lat'>³,</span> <span class='ocrx_word' id='word_1_59' title='bbox 720 1345 953 1437; x_wconf 86' lang='lat' dir='ltr'>interitumque</span> <span class='ocrx_word' id='word_1_60' title='bbox 973 1345 1011 1412; x_wconf 92' lang='lat' dir='ltr'>C.</span> <span class='ocrx_word' id='word_1_61' title='bbox 1032 1346 1136 1414; x_wconf 86' lang='lat' dir='ltr'>Cassii</span> <span class='ocrx_word' id='word_1_62' title='bbox 1150 1361 1184 1416; x_wconf 86' lang='lat' dir='ltr'>et</span> <span class='ocrx_word' id='word_1_63' title='bbox 1200 1349 1247 1415; x_wconf 88' lang='lat' dir='ltr'>M.</span> 
     </span>
     <span class='ocr_line' id='line_1_10' title="bbox 191 1447 1250 1544; baseline 0.002 -25"><span class='ocrx_word' id='word_1_64' title='bbox 191 1452 303 1536; x_wconf 80' lang='lat' dir='ltr'>Bruti,</span> <span class='ocrx_word' id='word_1_65' title='bbox 327 1451 364 1519; x_wconf 91' lang='lat' dir='ltr'>L.</span> <span class='ocrx_word' id='word_1_66' title='bbox 392 1447 516 1519; x_wconf 90' lang='lat' dir='ltr'>lulium</span> <span class='ocrx_word' id='word_1_67' title='bbox 542 1449 711 1518; x_wconf 80' lang='lat' dir='ltr'>Mocillam</span> <span class='ocrx_word' id='word_1_68' title='bbox 739 1449 950 1544; x_wconf 74' lang='lat' dir='ltr'>praetorium,</span> <span class='ocrx_word' id='word_1_69' title='bbox 977 1463 1010 1517; x_wconf 93' lang='lat' dir='ltr'>ct</span> <span class='ocrx_word' id='word_1_70' title='bbox 1034 1452 1104 1542; x_wconf 87' lang='lat' dir='ltr'>ejus</span> <span class='ocrx_word' id='word_1_71' title='bbox 1127 1450 1250 1541; x_wconf 87' lang='lat' dir='ltr'>filium,</span> 
     </span>
     <span class='ocr_line' id='line_1_11' title="bbox 191 1555 1251 1650; baseline 0.004 -26"><span class='ocrx_word' id='word_1_72' title='bbox 191 1555 378 1650; x_wconf 82' lang='lat' dir='ltr'>Aulumque</span> <span class='ocrx_word' id='word_1_73' title='bbox 389 1558 615 1650; x_wconf 81' lang='lat' dir='ltr'><strong>Torquatum,</strong></span> <span class='ocrx_word' id='word_1_74' title='bbox 629 1569 821 1650; x_wconf 87' lang='lat' dir='ltr'>ceterosque</span> <span class='ocrx_word' id='word_1_75' title='bbox 836 1557 908 1649; x_wconf 88' lang='lat' dir='ltr'>pari</span> <span class='ocrx_word' id='word_1_76' title='bbox 922 1555 1056 1623; x_wconf 89' lang='lat' dir='ltr'>fortuna</span> <span class='ocrx_word' id='word_1_77' title='bbox 1065 1556 1251 1650; x_wconf 83' lang='lat' dir='ltr'>perculsos,</span> 
     </span>
     <span class='ocr_line' id='line_1_12' title="bbox 191 1663 1248 1757; baseline 0.004 -27"><span class='ocrx_word' id='word_1_78' title='bbox 191 1663 368 1732; x_wconf 84' lang='lat' dir='ltr'>instituerit</span> <span class='ocrx_word' id='word_1_79' title='bbox 389 1665 495 1750; x_wconf 88' lang='lat' dir='ltr'>tueri,</span> <span class='ocrx_word' id='word_1_80' title='bbox 511 1677 611 1757; x_wconf 88' lang='lat' dir='ltr'>atque</span> <span class='ocrx_word' id='word_1_81' title='bbox 626 1687 667 1731; x_wconf 85' lang='lat' dir='ltr'>ex</span> <span class='ocrx_word' id='word_1_82' title='bbox 682 1663 783 1757; x_wconf 86' lang='lat' dir='ltr'>Epiro</span> <span class='ocrx_word' id='word_1_83' title='bbox 796 1663 848 1732; x_wconf 91' lang='lat' dir='ltr'>his</span> <span class='ocrx_word' id='word_1_84' title='bbox 863 1663 975 1730; x_wconf 88' lang='lat' dir='ltr'>omnia</span> <span class='ocrx_word' id='word_1_85' title='bbox 989 1663 1248 1734; x_wconf 73' lang='lat' dir='ltr'>Samothraciam</span> 
     </span>
    </p>
   </div>
   <div class='ocr_carea' id='block_1_3' title="bbox 194 1869 1256 4174">
    <p class='ocr_par' dir='ltr' id='par_1_4' title="bbox 194 1869 1256 4174">
     <span class='ocr_line' id='line_1_13' title="bbox 194 1869 1249 1944; baseline 0 -36"><span class='ocrx_word' id='word_1_86' title='bbox 194 1869 235 1909; x_wconf 84' lang='lat' dir='ltr'>Olli</span> <span class='ocrx_word' id='word_1_87' title='bbox 244 1869 336 1909; x_wconf 69' lang='lat' dir='ltr'>mntem</span> <span class='ocrx_word' id='word_1_88' title='bbox 346 1883 405 1924; x_wconf 76' lang='lat' dir='ltr'>supra</span> <span class='ocrx_word' id='word_1_89' title='bbox 414 1880 472 1924; x_wconf 78' lang='lat' dir='ltr'>ceput</span> <span class='ocrx_word' id='word_1_90' title='bbox 482 1869 557 1908; x_wconf 71' lang='lat' dir='ltr'>iastius</span> <span class='ocrx_word' id='word_1_91' title='bbox 565 1869 637 1916; x_wconf 80' lang='lat' dir='ltr'>imber,</span> <span class='ocrx_word' id='word_1_92' title='bbox 745 1889 802 1924; x_wconf 62' lang='lat' dir='ltr'>rem</span> <span class='ocrx_word' id='word_1_93' title='bbox 810 1881 908 1924; x_wconf 56' lang='lat' dir='ltr'>,ortem</span> <span class='ocrx_word' id='word_1_94' title='bbox 916 1871 1054 1923; x_wconf 61' lang='lat' dir='ltr'>enituntur</span> <span class='ocrx_word' id='word_1_95' title='bbox 1067 1883 1093 1924; x_wconf 67' lang='lat' dir='ltr'>et</span> <span class='ocrx_word' id='word_1_96' title='bbox 1103 1889 1249 1944; x_wconf 48' lang='lat' dir='ltr'>murgum·</span> 
     </span>
     <span class='ocr_line' id='line_1_14' title="bbox 196 1939 1252 2023; baseline 0.005 -22"><span class='ocrx_word' id='word_1_97' title='bbox 196 1939 276 1979; x_wconf 61' lang='lat' dir='ltr'>“m</span> <span class='ocrx_word' id='word_1_98' title='bbox 287 1939 410 1994; x_wconf 67' lang='lat' dir='ltr'>hiememque</span> <span class='ocrx_word' id='word_1_99' title='bbox 422 1941 494 1979; x_wconf 54' lang='grc' dir='ltr'>(Μ’-</span> <span class='ocrx_word' id='word_1_100' title='bbox 505 1968 509 1977; x_wconf 94' lang='grc'><strong><em>·</em></strong></span> <span class='ocrx_word' id='word_1_101' title='bbox 520 1967 525 1978; x_wconf 96' lang='grc'>·</span> <span class='ocrx_word' id='word_1_102' title='bbox 535 1967 540 1978; x_wconf 94' lang='grc'><strong><em>·</em></strong></span> <span class='ocrx_word' id='word_1_103' title='bbox 551 1968 556 1978; x_wconf 92' lang='grc'><strong><em>·</em></strong></span> <span class='ocrx_word' id='word_1_104' title='bbox 569 1968 588 1978; x_wconf 92' lang='lat'>··</span> <span class='ocrx_word' id='word_1_105' title='bbox 745 1948 1252 2023; x_wconf 82' lang='lat' dir='ltr'>Itaveroprrecedentemmetsphoram,</span> 
     </span>
     <span class='ocr_line' id='line_1_15' title="bbox 197 2029 1250 2102; baseline 0.001 -18"><span class='ocrx_word' id='word_1_106' title='bbox 197 2055 234 2066; x_wconf 86' lang='grc'>-</span> <span class='ocrx_word' id='word_1_107' title='bbox 262 2030 400 2102; x_wconf 69' lang='lat' dir='ltr'>Singularis</span> <span class='ocrx_word' id='word_1_108' title='bbox 426 2035 573 2082; x_wconf 75' lang='lat' dir='ltr'>existimetur</span> <span class='ocrx_word' id='word_1_109' title='bbox 596 2029 703 2100; x_wconf 73' lang='lat' dir='ltr'>pruden·</span> <span class='ocrx_word' id='word_1_110' title='bbox 746 2048 841 2100; x_wconf 84' lang='lat' dir='ltr'>quarn,</span> <span class='ocrx_word' id='word_1_111' title='bbox 857 2029 953 2082; x_wconf 81' lang='lat' dir='ltr'>inserta</span> <span class='ocrx_word' id='word_1_112' title='bbox 969 2049 1033 2083; x_wconf 81' lang='lat' dir='ltr'>voce</span> <span class='ocrx_word' id='word_1_113' title='bbox 1048 2032 1130 2094; x_wconf 81' lang='lat' dir='ltr'>malis,</span> <span class='ocrx_word' id='word_1_114' title='bbox 1148 2032 1250 2084; x_wconf 83' lang='lat' dir='ltr'>linitam</span> 
     </span>
     <span class='ocr_line' id='line_1_16' title="bbox 197 2109 1250 2186; baseline 0.001 -23"><span class='ocrx_word' id='word_1_115' title='bbox 197 2115 246 2172; x_wconf 76' lang='lat' dir='ltr'>tib,</span> <span class='ocrx_word' id='word_1_116' title='bbox 262 2123 312 2164; x_wconf 88' lang='lat' dir='ltr'>etc.</span> <span class='ocrx_word' id='word_1_117' title='bbox 331 2111 359 2163; x_wconf 89' lang='lat' dir='ltr'>Si</span> <span class='ocrx_word' id='word_1_118' title='bbox 377 2111 450 2181; x_wconf 87' lang='lat' dir='ltr'>quis,</span> <span class='ocrx_word' id='word_1_119' title='bbox 466 2109 618 2181; x_wconf 67' lang='lat' dir='ltr'>reipublice</span> <span class='ocrx_word' id='word_1_120' title='bbox 635 2127 703 2162; x_wconf 80' lang='lat' dir='ltr'>nare</span> <span class='ocrx_word' id='word_1_121' title='bbox 746 2109 896 2186; x_wconf 78' lang='lat' dir='ltr'>invenerat,</span> <span class='ocrx_word' id='word_1_122' title='bbox 908 2111 1032 2174; x_wconf 76' lang='lat' dir='ltr'>resumit,</span> <span class='ocrx_word' id='word_1_123' title='bbox 1047 2121 1088 2174; x_wconf 86' lang='lat' dir='ltr'>et,</span> <span class='ocrx_word' id='word_1_124' title='bbox 1101 2130 1171 2163; x_wconf 87' lang='lat' dir='ltr'>novo</span> <span class='ocrx_word' id='word_1_125' title='bbox 1187 2130 1250 2183; x_wconf 79' lang='lat' dir='ltr'>aug-</span> 
     </span>
     <span class='ocr_line' id='line_1_17' title="bbox 198 2187 1251 2262; baseline 0 -20"><span class='ocrx_word' id='word_1_126' title='bbox 198 2189 322 2244; x_wconf 87' lang='lat' dir='ltr'>llactibus</span> <span class='ocrx_word' id='word_1_127' title='bbox 348 2191 472 2244; x_wconf 81' lang='lat' dir='ltr'>civilibus</span> <span class='ocrx_word' id='word_1_128' title='bbox 492 2189 586 2262; x_wconf 76' lang='lat' dir='ltr'>agitata</span> <span class='ocrx_word' id='word_1_129' title='bbox 604 2226 612 2254; x_wconf 93' lang='lat'>,</span> <span class='ocrx_word' id='word_1_130' title='bbox 634 2187 704 2260; x_wconf 90' lang='lat' dir='ltr'>opti·</span> <span class='ocrx_word' id='word_1_131' title='bbox 745 2201 836 2241; x_wconf 84' lang='lat' dir='ltr'>mento</span> <span class='ocrx_word' id='word_1_132' title='bbox 847 2187 946 2240; x_wconf 84' lang='lat' dir='ltr'>adscito</span> <span class='ocrx_word' id='word_1_133' title='bbox 956 2191 1140 2259; x_wconf 83' lang='lat' dir='ltr'>,persequitur</span> <span class='ocrx_word' id='word_1_134' title='bbox 1153 2191 1208 2256; x_wconf 88' lang='lat' dir='ltr'>sic,</span> <span class='ocrx_word' id='word_1_135' title='bbox 1221 2205 1251 2244; x_wconf 86' lang='lat' dir='ltr'>ut</span> 
     </span>
     <span class='ocr_line' id='line_1_18' title="bbox 198 2267 1251 2339; baseline 0.001 -17"><span class='ocrx_word' id='word_1_136' title='bbox 198 2287 271 2322; x_wconf 86' lang='lat' dir='ltr'>mum</span> <span class='ocrx_word' id='word_1_137' title='bbox 279 2269 380 2324; x_wconf 86' lang='lat' dir='ltr'>itineris</span> <span class='ocrx_word' id='word_1_138' title='bbox 387 2268 482 2322; x_wconf 83' lang='lat' dir='ltr'>ducein</span> <span class='ocrx_word' id='word_1_139' title='bbox 489 2269 646 2339; x_wconf 71' lang='lat' dir='ltr'>investigare</span> <span class='ocrx_word' id='word_1_140' title='bbox 653 2279 705 2320; x_wconf 88' lang='lat' dir='ltr'>stu-</span> <span class='ocrx_word' id='word_1_141' title='bbox 747 2267 948 2320; x_wconf 80' lang='lat' dir='ltr'>alioconvertet.</span> <span class='ocrx_word' id='word_1_142' title='bbox 962 2269 1063 2339; x_wconf 84' lang='lat' dir='ltr'>Nempe</span> <span class='ocrx_word' id='word_1_143' title='bbox 1076 2268 1251 2339; x_wconf 65' lang='lat' dir='ltr'>procedentia</span> 
     </span>
     <span class='ocr_line' id='line_1_19' title="bbox 198 2347 1249 2418; baseline 0 -17"><span class='ocrx_word' id='word_1_144' title='bbox 198 2347 298 2414; x_wconf 81' lang='lat' dir='ltr'>doerit,</span> <span class='ocrx_word' id='word_1_145' title='bbox 321 2350 451 2402; x_wconf 78' lang='lat' dir='ltr'>cntionem</span> <span class='ocrx_word' id='word_1_146' title='bbox 469 2349 531 2401; x_wconf 77' lang='lat' dir='ltr'>rite</span> <span class='ocrx_word' id='word_1_147' title='bbox 553 2349 651 2418; x_wconf 79' lang='lat' dir='ltr'>exigat,</span> <span class='ocrx_word' id='word_1_148' title='bbox 674 2359 704 2400; x_wconf 91' lang='lat' dir='ltr'>ut</span> <span class='ocrx_word' id='word_1_149' title='bbox 747 2347 857 2399; x_wconf 89' lang='lat' dir='ltr'>salutem</span> <span class='ocrx_word' id='word_1_150' title='bbox 865 2366 897 2398; x_wconf 83' lang='lat' dir='ltr'>ex</span> <span class='ocrx_word' id='word_1_151' title='bbox 906 2359 1058 2418; x_wconf 79' lang='lat' dir='ltr'>tempestate</span> <span class='ocrx_word' id='word_1_152' title='bbox 1070 2361 1096 2400; x_wconf 93' lang='lat' dir='ltr'>et</span> <span class='ocrx_word' id='word_1_153' title='bbox 1107 2348 1174 2400; x_wconf 85' lang='lat' dir='ltr'>mari</span> <span class='ocrx_word' id='word_1_154' title='bbox 1193 2369 1249 2402; x_wconf 87' lang='lat' dir='ltr'>sco·</span> 
     </span>
     <span class='ocr_line' id='line_1_20' title="bbox 198 2426 1252 2500; baseline 0.003 -20"><span class='ocrx_word' id='word_1_155' title='bbox 198 2430 293 2482; x_wconf 78' lang='lat' dir='ltr'>veteris</span> <span class='ocrx_word' id='word_1_156' title='bbox 310 2429 447 2500; x_wconf 88' lang='lat' dir='ltr'>scriptoris</span> <span class='ocrx_word' id='word_1_157' title='bbox 464 2429 548 2481; x_wconf 85' lang='lat' dir='ltr'>nostri</span> <span class='ocrx_word' id='word_1_158' title='bbox 560 2429 641 2480; x_wconf 78' lang='lat' dir='ltr'>verba</span> <span class='ocrx_word' id='word_1_159' title='bbox 656 2427 705 2480; x_wconf 90' lang='lat' dir='ltr'>ite·</span> <span class='ocrx_word' id='word_1_160' title='bbox 748 2428 842 2498; x_wconf 89' lang='lat' dir='ltr'>puloso</span> <span class='ocrx_word' id='word_1_161' title='bbox 868 2427 1024 2492; x_wconf 85' lang='lat' dir='ltr'>contineut;</span> <span class='ocrx_word' id='word_1_162' title='bbox 1039 2426 1096 2479; x_wconf 85' lang='lat' dir='ltr'>hrec</span> <span class='ocrx_word' id='word_1_163' title='bbox 1115 2429 1252 2483; x_wconf 87' lang='lat' dir='ltr'>notionem</span> 
     </span>
     <span class='ocr_line' id='line_1_21' title="bbox 199 2506 1253 2580; baseline 0 -20"><span class='ocrx_word' id='word_1_164' title='bbox 199 2527 259 2562; x_wconf 86' lang='lat' dir='ltr'>rum</span> <span class='ocrx_word' id='word_1_165' title='bbox 278 2527 424 2580; x_wconf 76' lang='lat' dir='ltr'>usurpem,</span> <span class='ocrx_word' id='word_1_166' title='bbox 446 2512 568 2560; x_wconf 72' lang='grc' dir='ltr'>ιἰιιὶναιιι</span> <span class='ocrx_word' id='word_1_167' title='bbox 583 2507 706 2576; x_wconf 72' lang='grc' dir='ltr'>ἱίιειιιρὶε</span> <span class='ocrx_word' id='word_1_168' title='bbox 747 2506 875 2576; x_wconf 74' lang='lat' dir='ltr'>naufragii</span> <span class='ocrx_word' id='word_1_169' title='bbox 883 2506 1253 2580; x_wconf 79' lang='lat' dir='ltr'>alienantCeterumheucpe·</span> 
     </span>
     <span class='ocr_line' id='line_1_22' title="bbox 197 2583 1253 2657; baseline 0.003 -19"><span class='ocrx_word' id='word_1_170' title='bbox 197 2587 339 2650; x_wconf 68' lang='lat' dir='ltr'>Merum,</span> <span class='ocrx_word' id='word_1_171' title='bbox 352 2601 406 2640; x_wconf 78' lang='lat' dir='ltr'>tant</span> <span class='ocrx_word' id='word_1_172' title='bbox 417 2596 535 2639; x_wconf 69' lang='lat' dir='ltr'>nnommc</span> <span class='ocrx_word' id='word_1_173' title='bbox 540 2607 605 2657; x_wconf 85' lang='lat' dir='ltr'>pour</span> <span class='ocrx_word' id='word_1_174' title='bbox 614 2607 642 2637; x_wconf 82' lang='grc' dir='ltr'>ια</span> <span class='ocrx_word' id='word_1_175' title='bbox 655 2605 705 2637; x_wconf 83' lang='lat' dir='ltr'>mo·</span> <span class='ocrx_word' id='word_1_176' title='bbox 748 2583 856 2639; x_wconf 89' lang='lat' dir='ltr'>riodum</span> <span class='ocrx_word' id='word_1_177' title='bbox 874 2585 1005 2656; x_wconf 84' lang='lat' dir='ltr'>superiori</span> <span class='ocrx_word' id='word_1_178' title='bbox 1016 2587 1095 2656; x_wconf 80' lang='lat' dir='ltr'>copiti</span> <span class='ocrx_word' id='word_1_179' title='bbox 1110 2584 1253 2642; x_wconf 78' lang='lat' dir='ltr'>adnectunt</span> 
     </span>
     <span class='ocr_line' id='line_1_23' title="bbox 198 2663 1251 2740; baseline 0.002 -20"><span class='ocrx_word' id='word_1_180' title='bbox 198 2665 273 2720; x_wconf 81' lang='lat' dir='ltr'>destr&#39;e</span> <span class='ocrx_word' id='word_1_181' title='bbox 282 2669 431 2740; x_wconf 79' lang='lat' dir='ltr'>etpruderrce</span> <span class='ocrx_word' id='word_1_182' title='bbox 441 2685 470 2718; x_wconf 82' lang='lat' dir='ltr'>err</span> <span class='ocrx_word' id='word_1_183' title='bbox 486 2667 529 2718; x_wconf 79' lang='lat' dir='ltr'>tels</span> <span class='ocrx_word' id='word_1_184' title='bbox 538 2685 637 2736; x_wconf 70' lang='lat' dir='ltr'>eroges,</span> <span class='ocrx_word' id='word_1_185' title='bbox 651 2677 707 2717; x_wconf 80' lang='lat' dir='ltr'>tenu</span> <span class='ocrx_word' id='word_1_186' title='bbox 748 2663 869 2736; x_wconf 74' lang='lat' dir='ltr'>quedam</span> <span class='ocrx_word' id='word_1_187' title='bbox 884 2663 1021 2718; x_wconf 73' lang='lat' dir='ltr'>editiones.</span> <span class='ocrx_word' id='word_1_188' title='bbox 1042 2665 1103 2719; x_wconf 84' lang='lat' dir='ltr'>Tzs.</span> <span class='ocrx_word' id='word_1_189' title='bbox 1116 2697 1157 2710; x_wconf 90' lang='lat'>-</span> <span class='ocrx_word' id='word_1_190' title='bbox 1172 2667 1251 2723; x_wconf 78' lang='lat' dir='ltr'>Nihil.</span> 
     </span>
     <span class='ocr_line' id='line_1_24' title="bbox 201 2742 1206 2816; baseline 0 -16"><span class='ocrx_word' id='word_1_191' title='bbox 201 2749 319 2816; x_wconf 72' lang='lat' dir='ltr'>wusjourr</span> <span class='ocrx_word' id='word_1_192' title='bbox 338 2759 362 2800; x_wconf 85' lang='lat' dir='ltr'>et</span> <span class='ocrx_word' id='word_1_193' title='bbox 379 2751 462 2800; x_wconf 63' lang='lat' dir='ltr'>sitiret</span> <span class='ocrx_word' id='word_1_194' title='bbox 475 2765 539 2816; x_wconf 78' lang='lat' dir='ltr'>pour</span> <span class='ocrx_word' id='word_1_195' title='bbox 549 2749 670 2814; x_wconf 60' lang='lat' dir='ltr'>summer</span> <span class='ocrx_word' id='word_1_196' title='bbox 685 2747 707 2796; x_wconf 81' lang='lat' dir='ltr'>Ie</span> <span class='ocrx_word' id='word_1_197' title='bbox 748 2745 884 2798; x_wconf 79' lang='lat' dir='ltr'>luteorum</span> <span class='ocrx_word' id='word_1_198' title='bbox 899 2742 1016 2798; x_wconf 86' lang='lat' dir='ltr'>studium</span> <span class='ocrx_word' id='word_1_199' title='bbox 1030 2742 1149 2798; x_wconf 79' lang='lat' dir='ltr'>denotat.</span> <span class='ocrx_word' id='word_1_200' title='bbox 1166 2745 1206 2800; x_wconf 91' lang='lat' dir='ltr'>Id.</span> 
     </span>
     <span class='ocr_line' id='line_1_25' title="bbox 201 2823 1252 2898; baseline 0.001 -20"><span class='ocrx_word' id='word_1_201' title='bbox 201 2827 339 2898; x_wconf 52' lang='lat' dir='ltr'>borspmfi</span> <span class='ocrx_word' id='word_1_202' title='bbox 351 2829 537 2895; x_wconf 69' lang='lat' dir='ltr'>torrtessortsrrru</span> <span class='ocrx_word' id='word_1_203' title='bbox 547 2827 708 2896; x_wconf 77' lang='lat' dir='ltr'>s&#39;errrelopper</span> <span class='ocrx_word' id='word_1_204' title='bbox 790 2844 815 2877; x_wconf 81' lang='lat' dir='ltr'>s.</span> <span class='ocrx_word' id='word_1_205' title='bbox 836 2826 867 2877; x_wconf 85' lang='lat' dir='ltr'>Irr</span> <span class='ocrx_word' id='word_1_206' title='bbox 880 2825 992 2895; x_wconf 78' lang='lat' dir='ltr'>Epirum.</span> <span class='ocrx_word' id='word_1_207' title='bbox 1019 2824 1074 2878; x_wconf 90' lang='lat' dir='ltr'>Ubi</span> <span class='ocrx_word' id='word_1_208' title='bbox 1094 2823 1192 2896; x_wconf 63' lang='lat' dir='ltr'>predia</span> <span class='ocrx_word' id='word_1_209' title='bbox 1205 2827 1252 2879; x_wconf 77' lang='lat' dir='ltr'>he-</span> 
     </span>
     <span class='ocr_line' id='line_1_26' title="bbox 199 2903 1253 2976; baseline 0 -18"><span class='ocrx_word' id='word_1_210' title='bbox 199 2926 249 2958; x_wconf 76' lang='lat' dir='ltr'>aur</span> <span class='ocrx_word' id='word_1_211' title='bbox 264 2926 340 2959; x_wconf 77' lang='lat' dir='ltr'>armes</span> <span class='ocrx_word' id='word_1_212' title='bbox 354 2919 379 2958; x_wconf 82' lang='lat' dir='ltr'>et</span> <span class='ocrx_word' id='word_1_213' title='bbox 391 2927 448 2959; x_wconf 80' lang='lat' dir='ltr'>rans</span> <span class='ocrx_word' id='word_1_214' title='bbox 466 2908 556 2974; x_wconf 83' lang='lat' dir='ltr'>ossense</span> <span class='ocrx_word' id='word_1_215' title='bbox 570 2907 601 2959; x_wconf 82' lang='lat' dir='ltr'>de</span> <span class='ocrx_word' id='word_1_216' title='bbox 619 2907 707 2958; x_wconf 81' lang='lat' dir='ltr'>l&#39;autre</span> <span class='ocrx_word' id='word_1_217' title='bbox 748 2903 834 2956; x_wconf 83' lang='lat' dir='ltr'>bebut.</span> <span class='ocrx_word' id='word_1_218' title='bbox 847 2903 1011 2976; x_wconf 78' lang='lat' dir='ltr'>«Ornuisque</span> <span class='ocrx_word' id='word_1_219' title='bbox 1021 2905 1202 2976; x_wconf 69' lang='lat' dir='ltr'>ejuspecunia</span> <span class='ocrx_word' id='word_1_220' title='bbox 1210 2925 1253 2958; x_wconf 91' lang='lat' dir='ltr'>re-</span> 
     </span>
     <span class='ocr_line' id='line_1_27' title="bbox 196 2982 1252 3057; baseline 0.003 -23"><span class='ocrx_word' id='word_1_221' title='bbox 196 2999 279 3057; x_wconf 68' lang='lat' dir='ltr'>pens.</span> <span class='ocrx_word' id='word_1_222' title='bbox 292 3013 303 3034; x_wconf 82' lang='grc' dir='ltr'>ι</span> <span class='ocrx_word' id='word_1_223' title='bbox 748 2982 994 3036; x_wconf 81' lang='lat' dir='ltr'>ditusconstabatiu</span> <span class='ocrx_word' id='word_1_224' title='bbox 1003 2983 1147 3054; x_wconf 77' lang='lat' dir='ltr'>Epiroticis</span> <span class='ocrx_word' id='word_1_225' title='bbox 1166 2996 1193 3037; x_wconf 90' lang='lat' dir='ltr'>et</span> <span class='ocrx_word' id='word_1_226' title='bbox 1207 3004 1252 3038; x_wconf 89' lang='lat' dir='ltr'>ur·</span> 
     </span>
     <span class='ocr_line' id='line_1_28' title="bbox 242 3063 1252 3134; baseline -0.001 -14"><span class='ocrx_word' id='word_1_227' title='bbox 242 3065 307 3120; x_wconf 71' lang='lat' dir='ltr'>Cir.</span> <span class='ocrx_word' id='word_1_228' title='bbox 323 3067 371 3120; x_wconf 86' lang='lat' dir='ltr'>XI.</span> <span class='ocrx_word' id='word_1_229' title='bbox 407 3085 431 3119; x_wconf 90' lang='grc' dir='ltr'>ι.</span> <span class='ocrx_word' id='word_1_230' title='bbox 456 3065 489 3118; x_wconf 79' lang='lat' dir='ltr'>Se</span> <span class='ocrx_word' id='word_1_231' title='bbox 513 3076 647 3119; x_wconf 71' lang='lat' dir='ltr'>accerserat.</span> <span class='ocrx_word' id='word_1_232' title='bbox 666 3064 706 3118; x_wconf 83' lang='lat' dir='ltr'>Ita</span> <span class='ocrx_word' id='word_1_233' title='bbox 748 3063 823 3116; x_wconf 77' lang='lat' dir='ltr'>banis</span> <span class='ocrx_word' id='word_1_234' title='bbox 834 3063 1071 3134; x_wconf 78' lang='lat' dir='ltr'>possessionibus.»</span> <span class='ocrx_word' id='word_1_235' title='bbox 1094 3063 1167 3116; x_wconf 80' lang='lat' dir='ltr'>Inl&#39;ra</span> <span class='ocrx_word' id='word_1_236' title='bbox 1176 3065 1252 3119; x_wconf 81' lang='lat' dir='ltr'>XIV.</span> 
     </span>
     <span class='ocr_line' id='line_1_29' title="bbox 203 3142 1253 3217; baseline 0.002 -21"><span class='ocrx_word' id='word_1_237' title='bbox 203 3163 293 3199; x_wconf 86' lang='lat' dir='ltr'>omnes</span> <span class='ocrx_word' id='word_1_238' title='bbox 301 3147 363 3200; x_wconf 89' lang='lat' dir='ltr'>libri</span> <span class='ocrx_word' id='word_1_239' title='bbox 373 3164 380 3198; x_wconf 76' lang='grc' dir='ltr'><strong><em>ε</em></strong></span> <span class='ocrx_word' id='word_1_240' title='bbox 391 3143 465 3217; x_wconf 86' lang='lat' dir='ltr'>quod</span> <span class='ocrx_word' id='word_1_241' title='bbox 475 3147 536 3198; x_wconf 89' lang='lat' dir='ltr'>licet</span> <span class='ocrx_word' id='word_1_242' title='bbox 549 3159 600 3198; x_wconf 85' lang='lat' dir='ltr'>stat</span> <span class='ocrx_word' id='word_1_243' title='bbox 611 3145 707 3198; x_wconf 81' lang='lat' dir='ltr'>rariori</span> <span class='ocrx_word' id='word_1_244' title='bbox 748 3175 789 3184; x_wconf 96' lang='lat'><em>-</em></span> <span class='ocrx_word' id='word_1_245' title='bbox 807 3143 853 3195; x_wconf 80' lang='lat' dir='ltr'>lles</span> <span class='ocrx_word' id='word_1_246' title='bbox 870 3143 928 3196; x_wconf 83' lang='lat' dir='ltr'>ulla.</span> <span class='ocrx_word' id='word_1_247' title='bbox 948 3143 1010 3196; x_wconf 85' lang='lat' dir='ltr'>Nou</span> <span class='ocrx_word' id='word_1_248' title='bbox 1027 3142 1095 3196; x_wconf 83' lang='lat' dir='ltr'>mule</span> <span class='ocrx_word' id='word_1_249' title='bbox 1109 3143 1173 3197; x_wconf 87' lang='lat' dir='ltr'>olim</span> <span class='ocrx_word' id='word_1_250' title='bbox 1190 3143 1253 3198; x_wconf 79' lang='lat' dir='ltr'>edd.</span> 
     </span>
     <span class='ocr_line' id='line_1_30' title="bbox 204 3223 1029 3296; baseline -0.001 -19"><span class='ocrx_word' id='word_1_251' title='bbox 204 3243 356 3296; x_wconf 83' lang='lat' dir='ltr'>usu,quum</span> <span class='ocrx_word' id='word_1_252' title='bbox 367 3243 485 3296; x_wconf 73' lang='lat' dir='ltr'>emergere</span> <span class='ocrx_word' id='word_1_253' title='bbox 493 3227 647 3278; x_wconf 77' lang='lat' dir='ltr'>neutraliter</span> <span class='ocrx_word' id='word_1_254' title='bbox 657 3243 706 3296; x_wconf 93' lang='lat' dir='ltr'>po·</span> <span class='ocrx_word' id='word_1_255' title='bbox 748 3223 841 3294; x_wconf 78' lang='lat' dir='ltr'>aliquas</span> <span class='ocrx_word' id='word_1_256' title='bbox 855 3243 880 3273; x_wconf 81' lang='lat' dir='ltr'>re</span> <span class='ocrx_word' id='word_1_257' title='bbox 894 3223 951 3276; x_wconf 80' lang='grc' dir='ltr'>ιιΙΙιι,</span> <span class='ocrx_word' id='word_1_258' title='bbox 968 3224 1029 3276; x_wconf 75' lang='lat' dir='ltr'>Tus.</span> 
     </span>
     <span class='ocr_line' id='line_1_31' title="bbox 202 3303 1252 3375; baseline -0.001 -18"><span class='ocrx_word' id='word_1_259' title='bbox 202 3317 299 3370; x_wconf 84' lang='lat' dir='ltr'>natur,</span> <span class='ocrx_word' id='word_1_260' title='bbox 316 3307 352 3359; x_wconf 84' lang='lat' dir='ltr'>ita</span> <span class='ocrx_word' id='word_1_261' title='bbox 377 3317 466 3358; x_wconf 85' lang='lat' dir='ltr'>tamen</span> <span class='ocrx_word' id='word_1_262' title='bbox 491 3306 570 3358; x_wconf 85' lang='lat' dir='ltr'>etiam</span> <span class='ocrx_word' id='word_1_263' title='bbox 592 3305 708 3358; x_wconf 89' lang='lat' dir='ltr'>occurrit</span> <span class='ocrx_word' id='word_1_264' title='bbox 790 3305 815 3356; x_wconf 78' lang='grc'>3.</span> <span class='ocrx_word' id='word_1_265' title='bbox 836 3303 952 3354; x_wconf 82' lang='lat' dir='ltr'>Proelr&#39;um</span> <span class='ocrx_word' id='word_1_266' title='bbox 969 3303 1127 3372; x_wconf 65' lang='lat' dir='ltr'>Plrilppsise.</span> <span class='ocrx_word' id='word_1_267' title='bbox 1150 3303 1183 3356; x_wconf 87' lang='lat' dir='ltr'>In</span> <span class='ocrx_word' id='word_1_268' title='bbox 1197 3323 1252 3375; x_wconf 86' lang='lat' dir='ltr'>quo</span> 
     </span>
     <span class='ocr_line' id='line_1_32' title="bbox 203 3381 1253 3456; baseline 0 -20"><span class='ocrx_word' id='word_1_269' title='bbox 203 3383 274 3456; x_wconf 82' lang='lat' dir='ltr'>apud</span> <span class='ocrx_word' id='word_1_270' title='bbox 291 3385 346 3440; x_wconf 89' lang='lat' dir='ltr'>Cic.</span> <span class='ocrx_word' id='word_1_271' title='bbox 360 3384 394 3438; x_wconf 87' lang='lat' dir='ltr'>de</span> <span class='ocrx_word' id='word_1_272' title='bbox 406 3385 520 3456; x_wconf 80' lang='lat' dir='ltr'>Harusp.</span> <span class='ocrx_word' id='word_1_273' title='bbox 531 3403 601 3456; x_wconf 89' lang='lat' dir='ltr'>resp.</span> <span class='ocrx_word' id='word_1_274' title='bbox 617 3385 707 3449; x_wconf 84' lang='lat' dir='ltr'>XXV,</span> <span class='ocrx_word' id='word_1_275' title='bbox 748 3383 846 3436; x_wconf 86' lang='lat' dir='ltr'>Brutus</span> <span class='ocrx_word' id='word_1_276' title='bbox 857 3393 884 3434; x_wconf 88' lang='lat' dir='ltr'>et</span> <span class='ocrx_word' id='word_1_277' title='bbox 890 3381 1003 3446; x_wconf 75' lang='lat' dir='ltr'>Cassius,</span> <span class='ocrx_word' id='word_1_278' title='bbox 1011 3381 1253 3438; x_wconf 76' lang='lat' dir='ltr'>interfectoresCe·</span> 
     </span>
     <span class='ocr_line' id='line_1_33' title="bbox 203 3461 1252 3530; baseline 0 -14"><span class='ocrx_word' id='word_1_279' title='bbox 203 3476 230 3516; x_wconf 88' lang='lat' dir='ltr'>et</span> <span class='ocrx_word' id='word_1_280' title='bbox 243 3465 398 3519; x_wconf 82' lang='lat' dir='ltr'>Terentium</span> <span class='ocrx_word' id='word_1_281' title='bbox 407 3465 434 3517; x_wconf 89' lang='lat' dir='ltr'>in</span> <span class='ocrx_word' id='word_1_282' title='bbox 447 3463 531 3516; x_wconf 76' lang='lat' dir='ltr'>Andr.</span> <span class='ocrx_word' id='word_1_283' title='bbox 545 3464 645 3530; x_wconf 80' lang='lat'>111,3,</span> <span class='ocrx_word' id='word_1_284' title='bbox 660 3465 706 3517; x_wconf 84' lang='lat'>30.</span> <span class='ocrx_word' id='word_1_285' title='bbox 748 3462 826 3526; x_wconf 81' lang='lat' dir='ltr'>stris,</span> <span class='ocrx_word' id='word_1_286' title='bbox 838 3463 871 3513; x_wconf 82' lang='lat' dir='ltr'>sb</span> <span class='ocrx_word' id='word_1_287' title='bbox 881 3462 1027 3514; x_wconf 81' lang='lat' dir='ltr'>Antonioet</span> <span class='ocrx_word' id='word_1_288' title='bbox 1037 3461 1148 3515; x_wconf 74' lang='lat' dir='ltr'>Octavio</span> <span class='ocrx_word' id='word_1_289' title='bbox 1154 3461 1252 3516; x_wconf 81' lang='lat' dir='ltr'>devicti</span> 
     </span>
     <span class='ocr_line' id='line_1_34' title="bbox 203 3539 1254 3616; baseline -0.001 -20"><span class='ocrx_word' id='word_1_290' title='bbox 203 3542 246 3596; x_wconf 87' lang='lat' dir='ltr'>Sic</span> <span class='ocrx_word' id='word_1_291' title='bbox 258 3565 284 3596; x_wconf 79' lang='lat' dir='ltr'>se</span> <span class='ocrx_word' id='word_1_292' title='bbox 293 3545 390 3616; x_wconf 84' lang='lat' dir='ltr'>passim</span> <span class='ocrx_word' id='word_1_293' title='bbox 406 3542 514 3598; x_wconf 80' lang='lat' dir='ltr'>additur</span> <span class='ocrx_word' id='word_1_294' title='bbox 530 3543 617 3596; x_wconf 86' lang='lat' dir='ltr'>verbis</span> <span class='ocrx_word' id='word_1_295' title='bbox 633 3543 706 3594; x_wconf 88' lang='lat' dir='ltr'>simi·</span> <span class='ocrx_word' id='word_1_296' title='bbox 749 3539 909 3603; x_wconf 75' lang='lat' dir='ltr'>ceciderunt.</span> <span class='ocrx_word' id='word_1_297' title='bbox 922 3541 1028 3606; x_wconf 82' lang='lat' dir='ltr'>Florus,</span> <span class='ocrx_word' id='word_1_298' title='bbox 1039 3540 1089 3606; x_wconf 89' lang='lat' dir='ltr'>IV,</span> <span class='ocrx_word' id='word_1_299' title='bbox 1103 3541 1254 3596; x_wconf 60' lang='lat' dir='ltr'>sirmium</span> 
     </span>
     <span class='ocr_line' id='line_1_35' title="bbox 201 3619 1252 3694; baseline -0.002 -18"><span class='ocrx_word' id='word_1_300' title='bbox 201 3623 417 3694; x_wconf 72' lang='lat' dir='ltr'>libuserurrrpere,</span> <span class='ocrx_word' id='word_1_301' title='bbox 430 3621 707 3694; x_wconf 53' lang='lat' dir='ltr'>praecuremhstr&#39;mm</span> <span class='ocrx_word' id='word_1_302' title='bbox 750 3627 837 3673; x_wconf 81' lang='lat' dir='ltr'>auteni</span> <span class='ocrx_word' id='word_1_303' title='bbox 862 3619 1033 3691; x_wconf 82' lang='lat' dir='ltr'>Philippense</span> <span class='ocrx_word' id='word_1_304' title='bbox 1064 3638 1079 3672; x_wconf 76' lang='lat' dir='ltr'>a</span> <span class='ocrx_word' id='word_1_305' title='bbox 1106 3621 1252 3692; x_wconf 85' lang='lat' dir='ltr'>Philippis,</span> 
     </span>
     <span class='ocr_line' id='line_1_36' title="bbox 202 3696 1256 3766; baseline -0.005 -10"><span class='ocrx_word' id='word_1_306' title='bbox 202 3717 296 3756; x_wconf 85' lang='lat' dir='ltr'>contra</span> <span class='ocrx_word' id='word_1_307' title='bbox 317 3705 345 3756; x_wconf 90' lang='lat' dir='ltr'>iu</span> <span class='ocrx_word' id='word_1_308' title='bbox 369 3703 428 3756; x_wconf 86' lang='lat' dir='ltr'>aliis</span> <span class='ocrx_word' id='word_1_309' title='bbox 452 3702 606 3766; x_wconf 85' lang='lat' dir='ltr'>omittitur,</span> <span class='ocrx_word' id='word_1_310' title='bbox 624 3701 708 3754; x_wconf 77' lang='lat' dir='ltr'>veluti</span> <span class='ocrx_word' id='word_1_311' title='bbox 750 3697 912 3754; x_wconf 70' lang='lat' dir='ltr'>Macedouis</span> <span class='ocrx_word' id='word_1_312' title='bbox 926 3701 1007 3762; x_wconf 84' lang='lat' dir='ltr'>urbe,</span> <span class='ocrx_word' id='word_1_313' title='bbox 1026 3696 1135 3752; x_wconf 88' lang='lat' dir='ltr'>dictum.</span> <span class='ocrx_word' id='word_1_314' title='bbox 1149 3699 1256 3752; x_wconf 76' lang='lat' dir='ltr'>-Mo-</span> 
     </span>
     <span class='ocr_line' id='line_1_37' title="bbox 203 3779 1254 3854; baseline -0.005 -20"><span class='ocrx_word' id='word_1_315' title='bbox 203 3801 307 3843; x_wconf 70' lang='lat' dir='ltr'>movere.</span> <span class='ocrx_word' id='word_1_316' title='bbox 321 3795 543 3854; x_wconf 78' lang='lat' dir='ltr'>uertere,quteest</span> <span class='ocrx_word' id='word_1_317' title='bbox 557 3783 707 3853; x_wconf 66' lang='lat' dir='ltr'>linguam</span> <span class='ocrx_word' id='word_1_318' title='bbox 750 3781 837 3832; x_wconf 77' lang='lat' dir='ltr'>cilium.</span> <span class='ocrx_word' id='word_1_319' title='bbox 860 3779 983 3848; x_wconf 79' lang='lat' dir='ltr'>Ignotum</span> <span class='ocrx_word' id='word_1_320' title='bbox 1003 3796 1158 3848; x_wconf 72' lang='lat' dir='ltr'>cognomen.</span> <span class='ocrx_word' id='word_1_321' title='bbox 1187 3779 1254 3842; x_wconf 85' lang='lat' dir='ltr'>Qni-</span> 
     </span>
     <span class='ocr_line' id='line_1_38' title="bbox 200 3856 1254 3936; baseline -0.003 -22"><span class='ocrx_word' id='word_1_322' title='bbox 200 3861 294 3915; x_wconf 89' lang='lat' dir='ltr'>libido.</span> <span class='ocrx_word' id='word_1_323' title='bbox 302 3863 391 3929; x_wconf 85' lang='lat' dir='ltr'>Quare</span> <span class='ocrx_word' id='word_1_324' title='bbox 400 3881 454 3916; x_wconf 90' lang='lat' dir='ltr'>uon</span> <span class='ocrx_word' id='word_1_325' title='bbox 461 3874 602 3936; x_wconf 84' lang='lat' dir='ltr'>opuserat,</span> <span class='ocrx_word' id='word_1_326' title='bbox 616 3873 707 3914; x_wconf 81' lang='lat' dir='ltr'>contra</span> <span class='ocrx_word' id='word_1_327' title='bbox 750 3857 811 3912; x_wconf 86' lang='lat' dir='ltr'>dam</span> <span class='ocrx_word' id='word_1_328' title='bbox 826 3857 971 3929; x_wconf 87' lang='lat' dir='ltr'>conjiciunt</span> <span class='ocrx_word' id='word_1_329' title='bbox 987 3856 1162 3922; x_wconf 80' lang='lat' dir='ltr'>Motscillem,</span> <span class='ocrx_word' id='word_1_330' title='bbox 1181 3857 1254 3928; x_wconf 87' lang='lat' dir='ltr'>quod</span> 
     </span>
     <span class='ocr_line' id='line_1_39' title="bbox 201 3937 1255 4013; baseline -0.006 -21"><span class='ocrx_word' id='word_1_331' title='bbox 201 3940 708 4013; x_wconf 78' lang='lat' dir='ltr'>libros,seconvertereinipse.lnrer·</span> <span class='ocrx_word' id='word_1_332' title='bbox 751 3940 805 3992; x_wconf 80' lang='lat' dir='ltr'>aris</span> <span class='ocrx_word' id='word_1_333' title='bbox 824 3949 863 3990; x_wconf 88' lang='lat' dir='ltr'>est</span> <span class='ocrx_word' id='word_1_334' title='bbox 883 3953 989 3989; x_wconf 88' lang='lat' dir='ltr'>nomen.</span> <span class='ocrx_word' id='word_1_335' title='bbox 1019 3937 1078 3990; x_wconf 76' lang='lat' dir='ltr'>Tus.</span> <span class='ocrx_word' id='word_1_336' title='bbox 1107 3967 1146 3980; x_wconf 89' lang='lat'><em>-</em></span> <span class='ocrx_word' id='word_1_337' title='bbox 1169 3937 1255 3991; x_wconf 68' lang='lat' dir='ltr'>Sarno.</span> 
     </span>
     <span class='ocr_line' id='line_1_40' title="bbox 201 4015 1254 4094; baseline -0.003 -20"><span class='ocrx_word' id='word_1_338' title='bbox 201 4023 238 4074; x_wconf 92' lang='lat' dir='ltr'>bo</span> <span class='ocrx_word' id='word_1_339' title='bbox 252 4023 309 4094; x_wconf 84' lang='lat' dir='ltr'>ipso</span> <span class='ocrx_word' id='word_1_340' title='bbox 324 4036 450 4076; x_wconf 72' lang='lat' dir='ltr'>essersene</span> <span class='ocrx_word' id='word_1_341' title='bbox 461 4023 564 4094; x_wconf 67' lang='lat' dir='ltr'>elegans</span> <span class='ocrx_word' id='word_1_342' title='bbox 579 4033 618 4074; x_wconf 87' lang='lat' dir='ltr'>est</span> <span class='ocrx_word' id='word_1_343' title='bbox 627 4033 708 4073; x_wconf 78' lang='lat' dir='ltr'>meta·</span> <span class='ocrx_word' id='word_1_344' title='bbox 752 4021 874 4070; x_wconf 77' lang='lat' dir='ltr'>thraciam.</span> <span class='ocrx_word' id='word_1_345' title='bbox 890 4015 952 4068; x_wconf 79' lang='lat' dir='ltr'>Fuit</span> <span class='ocrx_word' id='word_1_346' title='bbox 965 4017 1050 4068; x_wconf 82' lang='lat' dir='ltr'>insula</span> <span class='ocrx_word' id='word_1_347' title='bbox 1065 4017 1143 4068; x_wconf 84' lang='lat' dir='ltr'>meris</span> <span class='ocrx_word' id='word_1_348' title='bbox 1157 4019 1254 4088; x_wconf 73' lang='lat' dir='ltr'>AEgui,</span> 
     </span>
     <span class='ocr_line' id='line_1_41' title="bbox 201 4096 1254 4174; baseline -0.001 -22"><span class='ocrx_word' id='word_1_349' title='bbox 201 4101 285 4171; x_wconf 89' lang='lat' dir='ltr'>phora</span> <span class='ocrx_word' id='word_1_350' title='bbox 297 4101 331 4156; x_wconf 85' lang='lat' dir='ltr'>rle</span> <span class='ocrx_word' id='word_1_351' title='bbox 342 4098 708 4174; x_wconf 79' lang='lat' dir='ltr'>calamitosis,quiadmelio·</span> <span class='ocrx_word' id='word_1_352' title='bbox 751 4117 835 4170; x_wconf 80' lang='lat' dir='ltr'>prope</span> <span class='ocrx_word' id='word_1_353' title='bbox 856 4096 1011 4161; x_wconf 80' lang='lat' dir='ltr'>Thracium,</span> <span class='ocrx_word' id='word_1_354' title='bbox 1035 4112 1094 4167; x_wconf 70' lang='lat' dir='ltr'>qun</span> <span class='ocrx_word' id='word_1_355' title='bbox 1117 4107 1173 4150; x_wconf 82' lang='lat' dir='ltr'>tuta</span> <span class='ocrx_word' id='word_1_356' title='bbox 1189 4099 1254 4152; x_wconf 84' lang='lat' dir='ltr'>olim</span> 
     </span>
    </p>
   </div>
   <div class='ocr_carea' id='block_1_4' title="bbox 0 0 1654 5150">
    <p class='ocr_par' dir='ltr' id='par_1_5' title="bbox 0 0 1654 5150">
     <span class='ocr_line' id='line_1_42' title="bbox 0 0 1654 5150; baseline 0 0"><span class='ocrx_word' id='word_1_357' title='bbox 0 0 1654 5150; x_wconf 95' lang='lat' dir='ltr'> </span> 
     </span>
    </p>
   </div>
  </div>
 </body>
</html>
