3150 5182
382 541 456 612 380
647 537 911 606 connnnn
940 535 1164 628 saronis

379 671 463 742 culpae
477 667 595 721 conscius
610 666 659 720 sibi
673 667 786 721 ridetur.
802 667 857 718 Hoc
869 666 921 716 loeo
932 665 990 716 lr'hrt
1003 668 1158 736 imerpoure,
1167 665 1258 736 inquit
1272 665 1318 716 in
1341 665 1506 734 quffl.

380 769 434 812 ιιι,
451 753 496 800 etsi
517 752 645 818 sejunctum
662 747 692 798 ab
711 768 736 798 re
745 749 868 818 proposita
883 755 926 796 ert.
942 745 976 797 Et
999 757 1086 798 tamen
1107 748 1163 814 ejus
1185 743 1505 808 animadveraiones,

380 845 438 899 quar
458 829 613 898 plerumque
634 827 738 880 civilem
760 823 927 896 prudentiam
946 837 973 876 et
992 823 1131 895 regendam
1156 825 1396 895 rempublicam
1424 845 1506 896 qaee-

380 920 452 972 tant,
466 927 519 960 non
535 907 619 960 solum
637 906 822 960 clarrissimum
844 904 959 957 veritatis
979 904 1089 970 lumen,
1111 902 1157 956 sed
1177 904 1332 974 egregiam
1374 924 1506 975 qunque

380 987 533 1040 brevitatem
550 1000 576 1038 et
591 985 727 1038 viridioris
742 984 806 1038 dicti
821 983 903 1038 aciem
918 1002 1006 1036 aecum
1021 985 1116 1036 lerunt.
1136 983 1179 1036 Sic
1192 984 1256 1046 illa,
1276 985 1318 1036 in
1345 984 1503 1044 OEn'a,

382 1085 432 1132 ιιι,
450 1083 529 1136 quam
545 1066 725 1118 Sallustianam
740 1063 839 1116 diceres
856 1082 863 1117 ε
881 1065 929 1116 Est
942 1068 1004 1116 mim
1019 1065 1062 1116 lane
1077 1081 1195 1116 metune
1207 1068 1306 1116 vinu
1330 1069 1371 1116 ἑκ
1390 1083 1506 1133 rag-r

381 1146 503 1218 liberisque
515 1145 662 1205 civitatibus,
680 1157 708 1196 ut
721 1145 810 1196 insidia
820 1143 907 1212 glorier
919 1163 993 1196 coner
1007 1147 1051 1204 rit,
1068 1156 1093 1194 et
1101 1143 1200 1194 ntem
1210 1143 1240 1196 de
1251 1145 1294 1196 hia
1311 1144 1503 1203 deo-anu,

380 1245 438 1296 quur
455 1227 554 1276 eminere
568 1225 669 1276 uideant
682 1226 773 1286 ultim
789 1226 951 1296 nequeenim
965 1243 1032 1294 eiquo
1044 1241 1158 1294 pararem
1179 1225 1288 1274 aliarum
1305 1223 1501 1293 apula-rta-

380 1308 503 1356 r'rrtunatur
509 1306 642 1369 fortunam.
659 1305 719 1356 Duo
730 1316 833 1356 tantum
846 1303 948 1366 notavi,
957 1303 985 1354 in
996 1303 1092 1373 quibua
1106 1321 1224 1373 peoensae
1238 1303 1413 1373 Nepote-n
1431 1321 1500 1354 cen·

381 1403 438 1449 seo,
448 1385 476 1436 iu
486 1385 570 1454 priori
579 1382 687 1456 quidem
695 1383 792 1446 levius,
805 1401 886 1454 quum
897 1383 933 1434 ita
945 1381 1106 1444 delinirem,
1120 1401 1191 1446 xttt,
1205 1381 1348 1452 loquitur·
1361 1383 1430 1434 :ln
1444 1399 1496 1454 qm

381 1475 471 1534 quauta
479 1466 557 1530 suerit
568 1467 670 1516 earnium
684 1467 763 1533 opirrio
775 1483 865 1522 cortun,
876 1464 918 1534 qui
930 1475 988 1532 post
999 1463 1164 1514 Aternium
1176 1462 1299 1530 Magnum
1315 1481 1413 1530 regu
1431 1475 1495 1512 rut

380 1543 509 1614 appellati,
523 1564 553 1594 er
566 1545 609 1594 lwc
617 1544 734 1609 fucillr'me
745 1555 825 1612 potest
831 1541 950 1611 judicari,
964 1542 1028 1614 quod
1041 1561 1118 1604 nemo,
1133 1543 1338 1603 Emere-vin,
1360 1563 1421 1592 m
1442 1561 1494 1610 ap·

377 1623 481 1692 pellrtru
493 1635 540 1682 est,
553 1623 596 1672 sed
603 1625 747 1691 presentes,-
761 1622 842 1680 iidert,
853 1634 908 1692 port
920 1623 988 1692 lusjar
1000 1641 1119 1683 «carun,
1133 1625 1212 1674 rtatim
1226 1624 1326 1689 reginae
1347 1634 1487 1672 aaran

381 1719 508 1774 nomenque
523 1715 676 1770 sumpserunt.
690 1699 770 1766 Quod
785 1702 883 1754 scilicet
898 1721 951 1753 non
964 1714 1017 1753 tam
1032 1702 1173 1764 Eumenis,
1184 1719 1264 1772 quam
1277 1699 1486 1754 verecundi:
1558 1702 1572 1757 ¹,

382 1797 457 1834 causa
474 1799 528 1833 esse
540 1782 637 1833 sactum
652 1781 744 1832 scribit
752 1781 768 1832 J
771 1780 884 1844 ustinus,
899 1782 959 1846 XV,
974 1801 1006 1846 a,
1021 1794 1047 1833 et
1058 1799 1106 1852 ego
1119 1799 1224 1853 quque
1237 1781 1384 1832 existimo
1397 1799 1407 1832 :
1421 1799 1481 1832 nora

382 1861 453 1912 enirn
473 1879 526 1912 uno
544 1859 688 1929 eodemque
706 1860 831 1930 temporis
849 1874 984 1914 momento
1001 1879 1092 1914 omnes
1109 1875 1169 1932 poet
1187 1861 1319 1912 Eumenis
1337 1872 1478 1914 mortem

381 1940 482 2008 regium
496 1957 592 1992 nomen
611 1939 782 2004 allectarnnt3
798 1937 860 2003 sed,
873 1941 920 1992 uhi
932 1960 1000 1994 unua
1012 1940 1168 2012 praeirinet,
1180 1958 1272 1992 omnes
1289 1954 1365 1992 sunt
1384 1939 1480 1992 nnius

381 2017 553 2070 ambitionem
574 2018 675 2070 imitati.
693 2019 812 2072 Alterum
832 2021 979 2091 exemplum
1002 2020 1107 2090 pravius
1127 2019 1268 2074 arbitror:
1292 2019 1383 2088 quod
1409 2019 1474 2088 qui·
1572 2078 1573 2088 ¹

381 2095 441 2149 dem
458 2097 573 2167 pertinet
584 2095 618 2150 ad
633 2097 830 2169 praejudicatam
844 2099 916 2151 illam
930 2101 1117 2170 plerorumque
1134 2112 1253 2152 veterum
1269 2099 1473 2169 opinionem,

383 2177 429 2247 qui
439 2177 537 2230 nullam
549 2177 603 2230 iere
612 2178 662 2230 nisi
676 2179 780 2232 civilem
789 2180 913 2232 virtutem
923 2175 1060 2232 colendam
1070 2197 1124 2232 erse
1133 2179 1334 2242 existimabant,
1345 2179 1468 2230 nullum

383 2275 437 2310 esse
447 2255 510 2310 fidei
523 2259 610 2310 locum
623 2277 683 2329 erga
697 2260 788 2329 patriae
801 2260 896 2312 hrrrtes.
905 2257 1009 2312 Scilicet
1019 2277 1101 2329 quum
1115 2259 1222 2322 Darius,
1235 2277 1280 2310 rex
1290 2258 1466 2319 Persarum,

382 2337 409 2388 in
430 2337 500 2388 bello
520 2331 643 2390 adversus
659 2337 789 2410 Scythas,
804 2338 893 2409 pontis
911 2339 943 2390 in
958 2340 1026 2390 latro
1045 2337 1155 2390 flumine
1172 2338 1234 2390 lacti
1252 2336 1421 2390 Miltiadem
1439 2347 1466 2386 et

383 2415 511 2487 quosdam
535 2418 667 2488 principes
688 2416 808 2471 custodes
828 2417 993 2488 reliquisset,
1012 2418 1056 2470 ille
1074 2430 1174 2470 eeteros
1197 2419 1318 2470 hortatus
1342 2430 1410 2480 est,
1431 2429 1461 2466 ιιι

383 2508 492 2568 pontem
511 2495 706 2562 rescinderent;
728 2498 763 2550 ita
782 2497 852 2550 euim
868 2515 955 2568 regern
975 2498 1016 2550 vel
1036 2498 1152 2550 hortium
1170 2498 1240 2550 lerro
1252 2533 1261 2559 ,
1275 2495 1317 2548 vel
1336 2497 1459 2568 inopia,

383 2575 472 2646 paucis
491 2573 583 2628 diebus
602 2576 779 2629 interiturum.
796 2577 871 2645 Cujus
887 2580 964 2638 ratio,
985 2577 1072 2647 inquit
1087 2577 1192 2646 Nepos,
1206 2575 1318 2628 Mttuad.
1332 2595 1394 2640 ιιι,
1411 2576 1463 2626 etsi

385 2673 433 2706 nora
447 2656 542 2717 veluit,
560 2667 637 2708 maren
650 2673 790 2726 magnopere
807 2667 844 2706 ert
860 2655 994 2716 laudanda,
1012 2675 1081 2728 qaum
1096 2660 1195 2708 amicior
1207 2660 1311 2706 oumr'mrs
1323 2655 1455 2712 libano,

384 2753 454 2806 qaam
478 2738 619 2802 censuerit
637 2735 801 2788 damamiani.
821 2733 954 2789 Miltiades
975 2748 1061 2788 tamen
1081 2733 1161 2788 sulem
1181 2733 1306 2798 dederat,
1327 2752 1355 2786 se
1379 2753 1456 2786 nun·

383 2833 462 2886 qnam
480 2814 547 2884 regis
569 2815 678 2868 consilia
695 2813 881 2886 proditumm,
894 2833 991 2886 quam,
1007 2815 1127 2879 hercule,
1145 2813 1225 2866 fidem
1245 2833 1279 2866 ne
1291 2831 1343 2882 pro
1363 2814 1453 2884 ipsius

384 2891 491 2964 quidem
513 2893 625 2946 civitatis
646 2893 791 2948 commodis
811 2894 909 2948 violare
928 2893 1074 2958 debuisset,
1096 2892 1142 2946 sed
1161 2891 1299 2956 Aristidis,
1321 2905 1348 2944 et
1363 2894 1454 2962 ipsias

381 2973 462 3024 etiam
468 2973 631 3026 Athenarum
642 2975 726 3044 plebis
738 2991 840 3045 aequare
850 2991 973 3044 maguum
980 2975 1110 3035 animem,
1117 2973 1176 3044 qui,
1185 2973 1275 3044 paucis
1284 2985 1345 3042 post
1353 2973 1451 3033 annis,

383 3051 567 3106 Themistoclis
574 3055 726 3118 consilium,
737 3053 800 3106 utile
808 3049 931 3123 quidem,
944 3051 1174 3115 sedinhunestum,
1180 3051 1315 3106 communi
1323 3053 1451 3104 omniun

299 3129 302 3137 '
384 3149 512 3192 consensu
527 3133 683 3202 rejecerunt.
829 3140 832 3147 '

423 3211 547 3264 Ceterum
561 3210 627 3264 adeo
638 3231 693 3264 non
705 3211 800 3264 mtrltos
813 3209 963 3282 hujusmodi
977 3229 1078 3263 errores
1088 3211 1117 3262 in
1130 3211 1233 3282 Nepote
1248 3208 1448 3280 deprehendes,

383 3299 413 3338 ut
426 3301 520 3342 contu
533 3309 612 3343 nemo
625 3309 679 3342 non
693 3292 819 3356 lateattn,
834 3289 965 3362 quidquid
979 3291 1000 3342 is
1016 3291 1184 3361 cogitaverit,
1200 3291 1311 3344 veritate
1323 3289 1404 3342 simul
1421 3301 1449 3342 et

383 3366 409 3418 vi
422 3367 524 3430 valere,
538 3368 665 3439 quodque
678 3371 766 3439 magni
782 3371 859 3422 etiam
874 3369 1038 3434 iaciendum,
1060 3387 1119 3423 eum
1132 3387 1271 3441 nunqnam
1288 3370 1316 3422 in
1329 3367 1446 3422 dicendo

384 3463 398 3496 a
413 3457 483 3498 recta
502 3447 669 3517 simplicioris
688 3461 787 3500 natura
802 3450 843 3502 ria
862 3448 1007 3504 deflexisse.
1029 3451 1086 3502 Hoc
1105 3448 1212 3522 quidem
1230 3467 1314 3520 quum
1331 3465 1400 3518 puro
1419 3461 1447 3500 et

384 3523 497 3578 candido
512 3526 631 3598 ingenio,
645 3539 701 3578 tum
715 3527 781 3598 ipsi,
798 3547 856 3599 quas
872 3531 1001 3601 Nepotem
1016 3531 1090 3596 tulit,
1102 3530 1172 3582 artati
1186 3527 1359 3582 uibuendm
1373 3527 1445 3580 arbi-

384 3617 448 3659 tror.
464 3606 550 3660 Multo
563 3606 633 3658 enim
643 3607 770 3660 sermome
780 3610 913 3680 elegantiae
925 3611 1010 3682 aptior
1021 3623 1047 3662 et
1057 3606 1278 3662 accommodatior
1291 3608 1353 3672 luit,
1362 3625 1444 3677 (pram

301 3718 307 3726 ·
384 3685 518 3740 Plutarchi
534 3700 603 3740 etas.
616 3684 779 3740 iamdudum
794 3689 928 3754 Terentii,
940 3689 1072 3754 Lucretii,
1090 3701 1291 3758 oeterorumque
1303 3700 1444 3759 poetarum

386 3763 528 3830 industria,
540 3767 625 3838 prisca
639 3767 681 3818 illa
700 3767 815 3821 Etrusco
830 3770 958 3822 barbariae
969 3770 1038 3821 labes
1052 3787 1159 3840 prorsus
1174 3780 1332 3832 evanuerat,
1341 3784 1387 3818 nee
1400 3777 1442 3816 ta·

386 3863 447 3900 men
461 3845 493 3898 ad
506 3847 577 3900 huuc
588 3847 773 3918 politissimum
788 3848 889 3902 cultum
902 3850 991 3918 lingua
1005 3859 1176 3920 peremerat,
1190 3847 1236 3918 qui
1253 3848 1301 3900 nbi
1319 3849 1345 3899 in
1356 3843 1441 3914 pluri·

385 3925 435 3977 mis
457 3927 560 3998 scriptia
581 3928 715 3994 enitescit,
734 3947 837 3982 nwesse
856 3925 1050 4000 quodammodo
1071 3941 1122 3992 est,
1140 3940 1171 3980 ut
1187 3939 1279 3980 auctor
1295 3930 1350 4000 jam
1369 3921 1442 3976 aliud

384 4021 463 4072 quam
474 4007 614 4078 ingenuam
627 4009 855 4080 perspicuitatem,
873 4008 1085 4081 inaffectatasqne
1097 4019 1246 4060 venustates
1262 4015 1443 4068 comentettar,

384 4081 487 4153 siquid
500 4088 563 4142 nori
576 4102 603 4142 et
618 4090 755 4159 singularis
774 4090 802 4142 in
819 4089 955 4161 publicum
970 4089 1089 4161 prolerre
1105 4087 1227 4140 voluerit.
1245 4089 1338 4158 ltaque
1356 4085 1443 4154 Nepos

386 4159 478 4215 eodem
496 4184 598 4236 semper
613 4181 697 4221 tractu
717 4167 793 4234 fluit;
812 4187 845 4223 ne
862 4189 943 4224 unam
961 4167 1068 4240 quidem
1079 4167 1248 4233 sententiam,
1266 4163 1443 4221 simeudoros
