3282 5156
381 486 450 554 AD
478 483 809 552 CORNELIUM
833 482 1099 553 NEPOTEM.
1194 483 1265 560 351

207 617 298 680 Quum
307 613 337 666 iu
345 614 420 668 omni
428 613 480 666 hoc
488 613 546 664 loco
553 611 692 666 Cornelius
700 608 886 683 Thucydidem
897 623 937 664 est
944 624 1048 688 secnttm
1057 626 1203 684 auctorem,
1211 629 1269 672 tum

208 693 316 747 nuncsi
330 706 391 746 unte
403 693 494 746 oculos
505 691 694 744 obversabatur
706 687 911 761 Thucydidem
926 689 993 744 iliud
1005 709 1012 744 :
1026 692 1077 746 tiss
1086 693 1132 755 τὰς
1145 697 1269 760 iesse-stris.

208 773 362 828 Cornelium
378 786 464 825 sutem
484 771 570 824 multo
589 770 671 842 magis
691 768 777 824 videri
796 787 872 842 posse
890 769 942 822 hoc
957 773 1008 823 tos
1025 769 1170 828 reddidisse
1188 779 1268 832 serbo

208 851 291 904 latino
304 853 408 915 Ιαιανίε,
420 869 500 924 quern
513 852 642 911 henach,
663 848 725 902 iude
738 850 904 921 potissimam
920 861 1044 922 apparet,
1064 851 1136 922 quod
1151 870 1269 912 suctores
1386 871 1391 879 '

208 931 285 985 lstini
299 944 462 986 commutent
474 932 544 984 inter
558 949 586 984 se
601 931 680 983 rerba
695 930 784 983 soom
800 943 827 983 et
840 930 934 992 bean,
949 947 1005 982 nou
1019 929 1082 983 item
1094 932 1180 986 solvere
1190 947 1217 990 et
1231 937 1269 990 la.

208 1011 373 1064 annilius
386 1011 547 1083 Virgil.AEn.
566 1030 598 1076 a,
615 1011 684 1078 ²59,
696 1009 767 1062 insat
776 1009 883 1062 clarutrc
891 1009 981 1072 Sinam
999 1009 1018 1064 i.
1030 1029 1054 1064 e.
1067 1010 1159 1075 solvit,
1175 1017 1267 1085 aperis,

209 1091 304 1144 Cicero
316 1091 344 1144 in
358 1091 451 1145 Catone
461 1095 517 1162 maj.
531 1109 589 1162 csp.
601 1089 706 1156 3,hunc
715 1090 777 1142 ierit
787 1089 940 1162 loquentem
953 1088 1160 1144 illustratorum
1171 1102 1271 1163 cognovi

209 1182 348 1222 umescens
360 1173 411 1223 rins
426 1171 535 1243 querela,
558 1173 600 1242 qui
614 1189 638 1220 se
654 1181 679 1220 et
693 1169 819 1222 libidinum
835 1169 938 1221 crisonis
950 1170 1050 1222 laxatos
1069 1163 1101 1231 (i.
1116 1189 1139 1223 e.
1156 1173 1268 1241 solutos)

209 1269 257 1302 esse
276 1269 323 1302 san
339 1252 433 1302 moleste
440 1253 543 1318 sanat.
564 1250 638 1314 Quin
656 1247 691 1302 de
706 1247 798 1302 eedem
814 1267 844 1302 re
859 1247 913 1302 dno
931 1245 976 1302 itta*
992 1250 1072 1302 verba
1088 1251 1236 1321 promiscue
1254 1273 1270 1308 a

208 1329 383 1402 scriptoribus
394 1330 483 1383 latinis
496 1327 630 1394 adhiberi,
644 1329 705 1382 loco
718 1328 834 1382 efficitur
848 1328 894 1381 illo
904 1328 1007 1396 Curtii,
1026 1329 1060 1381 eh
1075 1329 1132 1382 eliis
1145 1333 1199 1402 jem
1214 1334 1270 1388 leu-

207 1407 286 1475 dcto,
301 1410 321 1462 1.
332 1427 386 1476 rrr,
400 1430 423 1463 c.
441 1430 466 1464 s.
482 1409 588 1462 Moscho.
605 1411 653 1461 Ax.
666 1409 793 1465 laceravit,
810 1405 918 1462 sedGu.
929 1409 985 1462 Ult.
1002 1409 1107 1472 incasit,
1120 1410 1194 1481 quod
1208 1427 1270 1485 poss

207 1487 356 1542 Harlesium
369 1490 557 1560 Bremiumquc
567 1487 682 1560 reposui.
694 1489 748 1540 Pro
761 1488 868 1540 rediisset
882 1487 936 1542 Gn.
952 1487 1057 1542 redisset.
1064 1489 1169 1543 Bardili.

247 1613 356 1671 Cruor.
373 1615 429 1681 111,
442 1632 468 1685 p.
482 1613 528 1682 59.
551 1611 731 1666 Ostrccismrnn.
751 1613 792 1666 De
806 1611 886 1683 hujus
900 1611 1066 1679 nominibus,
1087 1613 1203 1686 origine,
1219 1615 1270 1672 his·

209 1693 276 1746 torie
292 1705 318 1748 et
332 1694 388 1746 ritu
404 1713 419 1746 e
438 1693 572 1746 veteribus
584 1691 720 1746 Diodorus
738 1691 789 1744 Sic.
810 1710 862 1756 ιι,
882 1691 1039 1745 Plutarchus
1054 1691 1185 1761 Aristide,
1200 1695 1269 1752 The·

208 1763 340 1839 mistocle,
356 1785 382 1826 et
395 1773 458 1826 alibi
477 1769 627 1836 (Plutarch.
641 1772 669 1824 in
684 1772 739 1824 rite
751 1772 875 1840 Periclis,
889 1789 912 1824 c.
930 1789 974 1825 ιο.
994 1784 1058 1826 tour.
1074 1790 1094 1825 r.
1110 1793 1137 1844 p.
1154 1773 1225 1843 3913
1239 1779 1267 1832 in

208 1852 262 1906 vite
274 1853 353 1906 Arist.
367 1871 390 1906 c.
404 1871 428 1906 r.
438 1865 503 1906 tom.
513 1871 552 1917 11,
567 1871 594 1923 p.
607 1853 678 1917 3403
694 1852 722 1904 iu
736 1853 790 1905 rite
804 1852 910 1906 Cimon.
924 1869 947 1906 c.
962 1870 1006 1923 ¹7·
1023 1864 1143 1906 tomus.
1159 1873 1187 1924 p.
1201 1874 1265 1925 a7r.

207 1930 249 1988 ed.
262 1933 371 1986 flueren.
386 1931 500 1998 Fortu
513 1930 739 1997 Aristides,0rat.
755 1931 858 1985 Pluton.
874 1949 905 1998 ι,
915 1931 1025 1992 Pollux.
1042 1931 1178 1994 onomast
1192 1935 1224 2001 8,
1234 1935 1267 2004 ὅς

206 2011 363 2066 Scholiastes
375 2013 510 2083 Aristoph.
527 2012 555 2064 in
568 2012 678 2083 Equites
691 2029 720 2082 p.
740 2012 805 2075 340.
827 2025 853 2064 et
866 2011 894 2064 in
907 2012 1009 2083 Vespas
1026 2031 1054 2084 p.
1070 2015 1143 2081 498,
1159 2014 1268 2069 Tnetres

207 2091 278 2146 Chil.
291 2095 338 2154 13,
351 2094 422 2161 489,
438 2091 587 2163 Hesychius
594 2104 620 2143 ct
630 2089 723 2142 Suidas
735 2091 762 2142 iu
772 2091 929 2161 ὂςρωιισμός,
938 2103 988 2144 etc.
996 2089 1018 2142 E
1026 2092 1177 2162 junioribus
1188 2095 1268 2148 thn

208 2171 525 2236 Emmius,Vet.Grsecin
537 2183 600 2222 torn.
616 2186 665 2234 ιιι,
679 2189 707 2240 p.
720 2169 755 2238 37
770 2182 796 2222 ct
810 2187 862 2240 seq.
873 2188 882 2234 ς
895 2168 1052 2236 Beroaldus,
1062 2185 1153 2225 annot.
1166 2172 1194 2226 in
1210 2193 1265 2229 var.

208 2263 277 2304 suot.
293 2261 357 2303 tom.
365 2268 390 2302 ιι
403 2249 532 2302 Thesaur.
543 2248 608 2302 Crit.
616 2267 644 2320 p.
657 2249 726 2317 ²⁵7³
739 2245 822 2300 liedr.
833 2248 849 2299 J
851 2247 928 2300 unius
944 2247 1162 2304 enimadrmsiou.
1175 2252 1204 2310 5,
1216 2258 1265 2320 183

208 2330 337 2384 Reherm.
352 2328 386 2382 de
396 2331 462 2400 liep.
476 2327 572 2380 Athen.
587 2346 617 2393 s,
635 2335 681 2393 al,
692 2333 724 2392 4,
746 2327 867 2398 Sigonius
879 2325 914 2380 de
926 2327 983 2380 cad.
1001 2347 1033 2395 ι,
1052 2337 1086 2394 43
1103 2329 1217 2404 Scaliger
1231 2333 1266 2388 ad

209 2409 304 2462 Euseb.
319 2427 347 2462 u.
361 2410 417 2479 789
433 2419 460 2460 et
477 2407 566 2470 1533,
587 2407 737 2461 Maussacus
750 2405 784 2459 sd
796 2407 1031 2479 lierpocntionesn
1048 2428 1076 2480 p.
1092 2411 1144 2480 ¹93
1162 2431 1227 2484 seq„
1241 2427 1268 2468 et

208 2489 401 2542 accuratissime
414 2487 535 2542 omniurn
548 2487 696 2552 ldeursius,
708 2488 787 2540 Attis.
803 2487 909 2542 lection.
927 2487 958 2552 5,
971 2489 1016 2541 ι8.
1031 2500 1059 2541 et
1069 2487 1138 2546 Sem.
1150 2492 1269 2558 Petitur,

209 2567 386 2622 commentar.
408 2566 441 2622 sd
456 2569 536 2639 Legg.
551 2567 650 2620 Atticus
660 2568 707 2620 lib.
722 2573 749 2629 4.
763 2567 805 2620 tit.
821 2585 847 2636 9.
865 2567 990 2621 iustusns
1002 2581 1029 2620 et
1042 2569 1108 2640 reip.
1128 2571 1216 2638 utilis,
1232 2571 1267 2626 sd

209 2651 317 2720 ejusque
332 2647 498 2701 securitatem
519 2659 546 2700 et
560 2658 657 2700 ctutum
676 2644 886 2700 succurendum
902 2659 978 2719 uptus
990 2647 1036 2713 sit,
1056 2649 1120 2700 olim
1133 2649 1267 2724 hodieque

206 2725 380 2799 disputatum.
394 2728 434 2780 Ex
447 2727 562 2799 antiquis
572 2739 712 2797 supersunt
723 2724 822 2797 judicis
833 2727 980 2780 Aristotelis
990 2727 1068 2781 Polit.
1082 2729 1112 2794 3,
1126 2748 1160 2798 93
1174 2731 1265 2786 Dionis

209 2807 393 2878 chrysostomi
413 2805 540 2860 Oratione
560 2808 613 2875 733
634 2804 755 2860 Aristidis
772 2807 800 2860 iu
822 2805 963 2860 Pictonicis
983 2807 1079 2877 pessim
1092 2845 1101 2871 ,
1122 2822 1149 2861 et
1166 2811 1267 2864 Valerii

208 2887 334 2952 Maximi,
348 2887 378 2952 5,
394 2893 423 2952 3,
436 2900 535 2940 exter-u.
552 2887 626 2940 Inter
637 2886 797 2939 recentiores
805 2899 875 2938 note
886 2897 948 2939 snut
957 2887 1067 2958 prolixa
1078 2885 1267 2960 disputationes

208 2965 324 3020 duorum
337 2965 603 3039 prudentissimorum
617 2966 772 3031 hominnm,
783 2965 856 3018 Pauli
871 2965 985 3024 Parcite,
995 2967 1072 3035 libr,
1082 2964 1202 3024 discursu
1214 2971 1267 3034 15,

208 3059 235 3099 et
244 3045 346 3100 Ludor.
362 3045 485 3119 Septslii,
497 3047 544 3100 lib.
563 3045 597 3100 de
609 3046 720 3100 Ratione
735 3045 823 3100 Status
835 3063 893 3117 cap.
908 3050 942 3110 6,
956 3065 988 3116 7,
999 3047 1031 3111 8,
1044 3064 1062 3114 9
1076 3063 1210 3118 :quornm
1223 3050 1267 3106 hie

208 3127 317 3196 probet,
330 3127 374 3178 ille
392 3127 532 3200 improbat.
546 3124 622 3180 Adde
633 3125 764 3198 judicium
777 3125 903 3189 Armisni,
916 3126 1036 3180 Doctrin.
1049 3125 1126 3180 Polit.
1147 3148 1177 3197 s,
1193 3129 1227 3198 5,
1242 3143 1269 3184 et

209 3221 267 3275 qum
283 3203 317 3258 ad
335 3205 417 3272 ι’,8,
436 3219 503 3272 r,et
521 3224 666 3273 ι,ιο,ι,
681 3204 835 3258 dictasunt.
850 3204 946 3258 Rosius.

247 3327 467 3396 Lrssnnn,11‚
485 3347 513 3399 p.
530 3327 577 3382 65.
608 3321 734 3400 quu'''
753 3325 974 3382 Multssidentur
988 3326 1267 3402 demsellcmingern,
1356 3321 1359 3327 ¹

210 3405 257 3476 qui
271 3423 326 3458 non
343 3407 428 3458 solum
440 3425 472 3460 cx
488 3407 559 3460 nosti
576 3407 686 3462 consilio
703 3407 823 3461 lscnunm
839 3419 899 3479 post
910 3413 1002 3480 itaque,
1016 3405 1096 3480 idque
1106 3409 1140 3462 ah
1153 3410 1198 3476 iis,
1208 3431 1267 3483 quse

209 3497 368 3557 sequuntur,
382 3483 560 3540 divellendum
574 3487 691 3552 oemnit,
702 3485 748 3540 sed
763 3489 842 3540 etism
857 3507 888 3540 ex
901 3487 1043 3559 Polynic,
1056 3500 1160 3560 streteq.
1177 3489 1223 3544 iib.
1245 3511 1269 3556 r,

209 3583 267 3636 cup.
283 3564 333 3631 45,
348 3583 407 3636 qua
420 3564 508 3620 deesse
520 3563 687 3630 riderentur,
702 3584 734 3619 ex
747 3580 821 3638 parte
833 3568 921 3639 aliqua
932 3567 1078 3639 supplevit,
1089 3581 1120 3620 ut
1126 3570 1181 3639 jum
1194 3583 1269 3624 antea

210 3645 341 3700 Boecierns
354 3647 459 3699 iecerat.
474 3646 585 3699 Thasios
598 3645 725 3698 nimirum
738 3645 892 3700 inlisrculis
904 3648 1032 3718 templum
1047 3649 1202 3702 convocarit
1215 3651 1269 3721 Ly-

208 3724 319 3792 sander,
330 3736 370 3791 et,
384 3743 411 3778 se
422 3725 526 3779 reniam
534 3725 657 3780 omnibns
663 3723 802 3792 daturum,
816 3725 897 3779 deum
905 3725 968 3780 fidei
976 3745 1029 3780 son
1036 3739 1128 3782 testem
1138 3726 1269 3784 adhibuit.

210 3807 246 3858 At
255 3818 317 3878 post
329 3805 429 3876 aliquot
437 3803 493 3858 dies
498 3805 608 3858 Thesios
619 3825 739 3870 securos,
755 3819 782 3860 et
791 3805 859 3859 lictis
870 3809 926 3877 eius
937 3807 1025 3858 verbis
1035 3805 1117 3860 iidem
1129 3807 1268 3874 hahentes,

210 3903 300 3939 ornnes
313 3884 441 3938 trucidari
453 3887 538 3956 jussit.
559 3885 632 3939 Harl.
647 3887 749 3938 Desunt
762 3884 893 3957 quedem.
903 3886 970 3954 ,Ego
988 3886 1024 3938 its
1039 3885 1097 3956 lego
1111 3905 1119 3938 :
1135 3888 1202 3939 rrius
1211 3894 1268 3943 suis.

211 3958 449 4038 toqw'*.1104ue
458 3965 643 4028 decemviralem,
658 3978 709 4018 etc.
719 3965 780 4018 Non
790 3967 922 4036 integrum
933 3964 1026 4016 toltum
1037 3979 1168 4018 exsectum
1176 3967 1269 4040 inisse,

210 4043 384 4112 crediderim,
404 4059 436 4099 ut
451 4045 615 4116 Heminqero
630 4045 737 4116 placuit.
762 4045 851 4116 Nepos
872 4043 988 4096 enimin
1007 4043 1069 4096 ritis
1081 4046 1136 4098 suis
1147 4047 1269 4104 brevitati

212 4123 366 4180 studet-Sed
377 4126 511 4192 librarius,
524 4143 607 4198 quum
617 4125 646 4178 iu
656 4123 829 4180 describendo
834 4123 947 4180 venisset
957 4121 991 4176 ad
1000 4141 1059 4179 roe.
1072 4126 1168 4200 ltaque,
1183 4147 1214 4184 ιχ
1227 4131 1267 4184 in.
