3282 5156
389 517 461 603 342
540 513 777 583 JOANNIS
803 511 961 580 HENR.
990 511 1287 581 SCIILEGEL

386 667 442 718 cap.
458 643 512 709 1x;
523 656 626 707 nmen,
639 661 695 715 csp.
704 645 788 708 VIII,
798 641 877 714 longe
886 644 921 696 ab
931 643 987 713 ejus
1002 641 1153 694 narratione
1163 639 1282 696 discedit
1292 637 1318 703 S.
1330 642 1347 696 ³
1359 659 1367 695 ι
1379 667 1391 690 ι
1401 639 1446 696 Δι1

390 755 401 774 .
409 723 746 788 Admetum,ldolossorcm
755 741 859 794 rogem,
869 739 929 776 eum
938 740 991 793 quo
1000 721 1024 774 ei
1033 721 1179 792 hospitium
1189 723 1275 776 luem
1282 723 1441 794 ,conflagit-

386 811 420 858 At
426 801 595 876 Thucydides
606 803 664 856 loco
671 819 756 874 nuper
763 804 844 856 eltuto
853 801 956 866 sumit,
963 799 1104 854 Admetum
1115 821 1170 855 non
1183 803 1264 856 luisse
1271 802 1445 856 Themistocli

388 885 517 949 amicum
535 881 630 954 idque,
642 881 716 954 quod
730 883 785 954 ipsa
800 899 841 935 res
855 880 946 946 docet,
962 881 1047 934 multo
1065 881 1237 952 prohslrilins.
1257 883 1286 936 Si
1297 883 1369 936 enim
1382 883 1447 952 jure

386 964 496 1038 hospitii
512 981 572 1016 cum
585 981 618 1014 eo
633 963 723 1015 scissa
742 963 912 1034 conjunctus,
930 979 985 1014 non
999 973 1071 1014 certe
1079 957 1161 1030 filim
1178 960 1284 1014 Admeti
1305 963 1445 1034 panulm

387 1044 554 1116 arripuisset,
574 1055 602 1095 et
623 1061 650 1096 se
667 1059 729 1094 οιιιιι
747 1059 779 1094 es
795 1043 823 1094 in
843 1041 1001 1104 sacrarium,
1016 1039 1089 1112 quod
1106 1059 1206 1094 summe
1221 1041 1356 1095 colebatur
1368 1041 1447 1095 ecs-i·

385 1125 474 1178 monis
484 1163 491 1192 ,
503 1124 662 1192 conjecisset.
684 1122 729 1173 Ait
739 1135 831 1174 contra
844 1139 874 1176 es
889 1118 1076 1192 Thucydides,
1090 1121 1200 1174 consilio
1218 1121 1308 1174 uxoris
1320 1120 1446 1186 Admeti,

385 1216 519 1275 arreptum
532 1201 815 1254 fnissesThemistocle
823 1200 905 1270 filiun
917 1203 986 1271 ejus,
996 1198 1172 1272 eumdemque
1180 1201 1326 1274 supplicem
1337 1201 1446 1274 petiisse

386 1297 413 1339 et
428 1284 580 1354 impetrssse
594 1281 627 1333 ub
639 1279 752 1334 Admeto
764 1281 882 1351 pristinu
896 1279 1050 1333 offensionis
1067 1281 1181 1334 veniam.

427 1364 475 1414 VI.
497 1361 568 1414 Dicit
588 1361 740 1420 Cornelius,
761 1360 909 1412 interfuisse
924 1359 1056 1413 Aristidem
1076 1379 1172 1432 pugne
1184 1359 1345 1427 scenici„
1364 1359 1448 1412 Ississc

387 1444 466 1498 etism
477 1453 617 1513 pretorem
633 1439 831 1494 Atheniensium
845 1437 916 1510 spud
931 1439 1055 1504 Plstcas3
1070 1457 1195 1512 pergens,
1211 1459 1235 1494 0.
1251 1441 1292 1507 II,
1307 1460 1321 1494 s
1337 1457 1344 1492 :
1359 1439 1448 1510 Neque

387 1523 457 1576 uliud
472 1534 509 1574 est
519 1521 593 1572 ullum
605 1521 683 1590 hujus
698 1521 725 1572 in
741 1537 770 1571 re
785 1519 893 1572 militsri
906 1519 1007 1572 illustre
1021 1519 1128 1572 lectum.

426 1603 525 1656 Notatu
544 1597 694 1670 dignissima
706 1610 782 1664 sunt,
795 1617 854 1670 qum
867 1597 1017 1652 Herodotus
1028 1599 1164 1651 memorie
1176 1596 1297 1670 prodidit
1315 1595 1348 1651 de
1364 1597 1449 1652 rebus

390 1685 422 1736 uh
435 1677 566 1744 Aristide,
579 1691 605 1732 et
621 1677 691 1749 apud
703 1678 850 1746 salamina,
863 1691 889 1730 et
903 1677 973 1749 apud
991 1679 1098 1732 Pistteus
1109 1678 1200 1750 gestis,
1210 1677 1321 1742 tvm,
1335 1697 1361 1750 p.
1371 1677 1447 1740 555,

389 1775 415 1815 et
427 1761 480 1826 lx,
492 1779 519 1830 p.
533 1759 587 1826 596
597 1776 605 1822 ;
617 1759 693 1828 plura
705 1755 791 1810 adhuc
806 1756 840 1810 de
851 1757 944 1810 iisdem
957 1759 1037 1811 reiert
1043 1757 1198 1812 Plutarchus
1212 1759 1240 1810 in
1254 1758 1307 1810 vite
1313 1755 1448 1810 Aristidis-

388 1842 416 1894 si
432 1837 567 1892 brevitatis
580 1837 662 1907 gratis
680 1855 709 1889 es
727 1837 862 1908 proterite
878 1838 983 1891 volebat
998 1839 1102 1910 Nepos,
1122 1833 1267 1890 omittenda
1284 1849 1371 1890 temen
1388 1853 1448 1889 non

389 1919 481 1972 fuisset
493 1934 588 1988 pugnus
605 1917 767 1968 Manetoasae
789 1917 935 1981 memoris,
953 1919 1098 1990 presertim
1120 1935 1203 1990 quum
1226 1915 1289 1970 inde
1307 1929 1450 1988 appareat,

391 1999 470 2052 luisse
485 1993 628 2048 Aristidem
641 2015 694 2048 non
709 1997 810 2060 solum,
824 2009 853 2049 ut
862 1997 899 2049 sit
912 1996 1063 2062 Cornelius,
1072 2000 1128 2064 fere
1140 1997 1253 2070 oeqsslsss
1263 1995 1451 2061 Themistocli,

390 2075 436 2132 sed
449 2076 527 2130 etism
542 2076 665 2146 cqrralem
676 2073 799 2128 Miltiadi.
814 2077 922 2128 Certum
935 2088 974 2129 est
987 2096 1002 2128 o
1013 2076 1154 2130 Plutsrcho
1162 2075 1272 2148 aliisqne
1282 2075 1452 2141 suctorihus,

389 2157 469 2210 fuisse
485 2153 626 2208 Aristidem
645 2173 660 2207 e
674 2152 765 2207 decem
783 2168 927 2226 prtetcrurn
939 2174 1066 2220 numero,
1091 2155 1210 2227 mumtis
1230 2157 1337 2208 nomine
1354 2172 1449 2208 eorum

390 2255 445 2290 non
459 2246 591 2288 recenseat
603 2233 762 2287 Herodotus.
776 2233 905 2288 Modestia
917 2247 943 2288 et
955 2236 1053 2289 virtute
1062 2253 1108 2288 sus
1116 2253 1172 2288 non
1178 2235 1315 2289 minimum
1321 2233 1451 2288 Aristides

390 2315 484 2370 hebuit
497 2327 600 2386 portem
615 2316 642 2366 in
657 2313 767 2368 victoris
785 2315 959 2370 Marathonis.

430 2397 494 2447 VII.
515 2396 624 2446 Pausan-
639 2395 667 2458 1,
682 2411 713 2446 a:
727 2419 738 2440 ι
749 2393 834 2464 Hujus
847 2395 1051 2447 illustrissimum
1061 2407 1099 2448 est
1112 2395 1233 2466 prelium
1245 2393 1317 2465 spud
1330 2394 1448 2448 Plstmas.

395 2502 407 2524 ι
418 2475 538 2544 Namque
558 2473 605 2525 illo
622 2471 688 2525 duce
703 2471 865 2526 Mardonius·
867 2511 992 2530 .........
1010 2473 1076 2526 tans
1094 2479 1130 2526 its
1148 2493 1236 2544 magna
1256 2493 1328 2526 marus
1346 2474 1449 2527 Gracia

396 2555 447 2608 ssu
467 2565 523 2605 stus
537 2565 583 2606 est.
596 2578 607 2598 ι

431 2572 558 2686 Arcem
575 2643 711 2684 enumeret
725 2631 876 2694 Herodorus,
891 2633 910 2685 1.
928 2631 984 2698 1x,
995 2651 1024 2703 p.
1038 2634 1109 2703 597,
1122 2633 1266 2686 esermtnm
1281 2633 1450 2698 Grmccrum,

391 2713 438 2785 qui
452 2711 486 2764 sd
497 2712 605 2764 Plntoess
619 2729 681 2763 cum
696 2709 837 2765 Mardonic
847 2709 974 2766 conflixit.
980 2711 1068 2778 Ih'cit,
1083 2713 1169 2782 gruis
1184 2725 1322 2766 armature
1338 2714 1449 2782 38700,

391 2792 484 2846 leviter
496 2792 590 2844 srmsti
607 2791 676 2843 circe
688 2791 803 2861 singulos
817 2791 958 2863 Spartiates
970 2791 1089 2844 collocati
1107 2791 1215 2861 35700,
1231 2791 1295 2845 levis
1312 2805 1452 2845 unnstnrm

390 2872 485 2943 reliqui
503 2871 614 2937 3450ος
625 2883 694 2922 totns
709 2883 795 2923 sutem
811 2871 938 2924 exercitus
950 2870 1058 2923 Grsecus
1067 2869 1190 2925 undecim
1201 2870 1345 2943 myrisdes,
1362 2872 1451 2925 minus

392 2951 464 3005 mille
478 2963 504 3003 et
518 2951 689 3020 octingentis,
703 2967 749 3002 seu
761 2951 862 3021 potius,
876 2950 897 3002 si
911 2967 1035 3002 numeros
1047 2949 1190 3020 singulsres
1203 2951 1323 3024 colligas,
1342 2953 1450 3020 108900

392 3031 494 3084 snnsti.
514 3030 586 3084 Telis
605 3041 731 3082 numerus
751 3047 807 3081 non
827 3029 952 3101 appellari
975 3029 1041 3081 solet
1059 3027 1130 3082 haud
1154 3031 1191 3082 its
1207 3047 1331 3101 mugnus,
1349 3029 1395 3083 sed
1411 3043 1452 3084 est

392 3110 536 3175 maximus,
555 3127 633 3180 quem
651 3125 768 3180 unquam
782 3109 810 3161 iu
830 3109 939 3162 historia
955 3108 1047 3162 Graes
1065 3121 1245 3180 computatum
1260 3111 1361 3181 repmi,
1377 3129 1450 3164 exer·

392 3191 467 3244 citus.
489 3189 517 3242 si
538 3187 667 3240 Herodoti
688 3188 875 3258 amplissimam
896 3189 975 3259 hujus
1000 3206 1096 3260 pugnes
1115 3187 1320 3262 descriptionem
1340 3207 1452 3262 perpen-

377 3311 378 3316 ,
393 3267 493 3332 dimus,
506 3265 683 3340 judicabimus
696 3268 783 3332 facile,
795 3285 875 3338 quem
890 3285 984 3340 porum
1001 3267 1112 3321 victoris
1126 3269 1290 3333 Fletcensis,
1315 3286 1374 3340 quse
1392 3270 1451 3322 uni·

392 3365 493 3400 versem
501 3346 630 3399 Grecism
642 3347 776 3411 liberarit,
790 3347 929 3400 tribuenda
941 3347 1115 3402 sier-mie
1127 3349 1234 3414 virtuti,
1249 3364 1328 3420 quarn
1338 3349 1450 3403 multum

393 3428 507 3480 fortune
522 3437 549 3478 et
568 3425 680 3477 aliorum
696 3425 850 3479 Grsecorum
871 3425 1031 3480 fortitudini.

432 3505 509 3558 v111.
532 3503 625 3557 Cimon.
642 3505 682 3568 11,
702 3524 715 3557 a
734 3521 740 3557 ι
759 3505 912 3572 abimum,
926 3507 1084 3578 imperator,
1103 3506 1174 3578 opud
1193 3506 1292 3560 flumen
1309 3507 1450 3580 Strymona

393 3603 523 3656 ‘amsgnss
542 3584 631 3658 copies
648 3585 782 3638 Threcum
802 3586 923 3658 fugerit:
946 3585 1078 3658 oppidum
1105 3587 1279 3658 Amphipolin
1302 3585 1452 3652 constitnit,

393 3683 503 3738 seoque
522 3661 614 3716 decem
636 3655 718 3716 millis
736 3665 937 3719 Atheniensium
956 3666 984 3718 in
1002 3665 1133 3718 coloniam
1157 3667 1237 3719 misit.
1263 3665 1339 3718 Idem
1354 3669 1450 3720 iterum

396 3744 487 3817 aspud
502 3744 616 3815 Mycalen
632 3745 794 3816 Cypriorum
811 3758 837 3799 et
854 3745 1007 3798 Phocicum
1023 3743 1197 3799 ducentarum
1217 3747 1326 3801 natium
1345 3748 1450 3799 classem

396 3851 408 3874 ι
419 3824 550 3878 devictam
565 3825 643 3896 cepit.
665 3849 677 3872 ι
700 3824 804 3877 Tenent
818 3823 938 3879 esmdem
957 3825 1141 3890 lectionetn,s
1165 3826 1256 3891 Bosio,
1279 3827 1368 3898 etqui
1389 3843 1449 3878 eum

392 3917 553 3977 sequuntur,
565 3917 708 3976 receptam,
722 3923 813 3957 omnes
825 3903 941 3970 codices,
953 3904 1005 3957 nisi
1015 3903 1089 3974 quod
1100 3904 1151 3956 levi
1164 3906 1312 3958 mutssicne
1324 3905 1450 3970 nominis,

392 3985 551 4038 Thottisnus
566 3984 645 4038 habet
658 3983 790 4046 Metaon,
810 3996 837 4036 et
848 3981 930 4036 editio
942 3983 1065 4054 princeps
1076 3985 1211 4056 nsrclsslem.

432 4065 492 4117 iam
507 4065 536 4117 in
551 4083 583 4116 eo
602 4083 658 4116 non
678 4065 738 4124 setis
754 4064 908 4135 perspicuus
930 4063 981 4116 fuit
1005 4063 1160 4128 Cornelius,
1180 4063 1254 4134 quod
1274 4081 1329 4116 uon
1350 4063 1452 4116 noum

395 4155 509 4215 tempus,
536 4161 589 4213 quo
605 4143 701 4197 Cimon
723 4156 783 4215 post
804 4143 886 4215 putris
901 4153 1015 4198 mortem
1033 4141 1153 4197 custodia
1178 4145 1329 4202 teuchum,
1351 4155 1379 4196 et
1399 4161 1454 4214 quc

396 4221 502 4276 tandem
524 4221 651 4277 liberatus
671 4221 705 4276 ad
724 4239 782 4278 rem
801 4223 935 4294 publicam
955 4223 1085 4295 pervenit.
1111 4223 1229 4280 Cisnonis
1254 4225 1307 4296 jem
1336 4240 1458 4294 megum
