3284 5150
408 517 479 589 272
667 491 935 562 CORNELII
964 491 1198 562 NEPOTIS

406 616 593 712 supportari
611 615 753 709 jusserit
776 613 920 686 Difficile
946 629 995 684 est
1012 617 1124 684 omnia
1153 613 1320 709 persequi,
1340 627 1374 684 et
1395 638 1465 684 non

405 724 595 792 necessaria.
613 721 700 790 Illud
722 745 825 790 unum
844 720 980 816 intelligi
1001 720 1170 808 volumus,
1188 719 1273 790 illius
1287 719 1466 790 liberalita-

406 843 472 914 tem
495 853 601 922 neque
625 829 876 923 temporariam,
900 851 1007 921 neque
1032 813 1202 896 calliduml
1228 826 1336 896 luisse.
1361 827 1401 894 ld
1422 851 1466 895 ex

405 936 483 1028 ipsis
498 935 596 1004 rebus
616 958 656 1004 ac
678 932 882 1028 temporibus
896 933 1036 1026 judicari
1052 946 1161 1028 potest
1177 985 1188 1018 ‚
1203 932 1294 1026 quod
1315 957 1383 1001 non
1403 933 1466 1001 llo-

404 1042 552 1110 rentibus
572 1065 607 1110 se
624 1025 834 1127 venditavit⁵,
846 1039 903 1108 sed
917 1039 1046 1108 afflictis
1060 1063 1190 1133 semper
1207 1039 1380 1108 succurrit.
1394 1039 1466 1127 Qui

403 1146 535 1239 quidem
548 1145 737 1232 Serviliam,
752 1148 845 1214 Bruti
857 1159 994 1214 matrem
1006 1196 1016 1231 ,
1030 1169 1098 1214 non
1115 1145 1224 1213 minus
1233 1157 1309 1238 post
1321 1159 1466 1214 mortem

403 1253 491 1345 ejus,
510 1277 609 1346 quem
630 1237 801 1336 florente⁶‚
819 1250 964 1320 coluerit
984 1251 1037 1320 sic
1054 1249 1247 1320 liberalitate
1262 1264 1376 1335 utens,
1395 1249 1467 1320 nul·

403 1356 451 1426 las
475 1359 660 1428 inimicitias
684 1358 812 1452 gessit,
839 1355 928 1450 quod
950 1381 1058 1450 neque
1080 1354 1221 1426 tedebat
1242 1380 1465 1450 quemquam,

404 1464 542 1558 neque⁷‚
573 1465 599 1532 si
627 1489 726 1557 quam
758 1463 911 1555 injuriam
939 1477 1129 1556 acceperat,
1158 1460 1302 1532 malebat
1326 1460 1465 1550 ulcisci,

401 1593 502 1663 quam
526 1568 683 1638 oblivisci.
710 1569 802 1638 Idem
825 1567 1001 1638 immortali
1022 1569 1183 1638 memoria
1203 1581 1360 1664 percepta
1386 1570 1464 1636 reti·

402 1675 502 1744 nebat
522 1674 681 1744 beneficia
702 1701 711 1758 3
730 1699 802 1768 quae
824 1689 934 1744 autem
955 1676 1024 1768 ipsc
1046 1675 1220 1757 tribuerat,
1246 1673 1371 1744 tamdiu
1392 1699 1463 1742 me·

402 1783 559 1866 minerat,
585 1781 694 1872 quoad
720 1779 773 1848 ille
797 1795 910 1874 gratus
936 1794 1024 1865 erat,
1049 1783 1107 1874 qui
1137 1782 1463 1874 acceperat.1taque

403 1885 456 1954 hic
469 1885 560 1970 lecit,
570 1900 609 1954 ut
622 1911 699 1954 vere
712 1886 838 1954 dictum
852 1887 1003 1954 videatur
1018 1911 1026 1954 :
1045 1915 1062 1950 α
1073 1887 1131 1954 Sui
1147 1889 1265 1980 cuique
1280 1911 1388 1956 mores
1405 1886 1464 1955 fin·

402 2005 485 2086 gunt
501 1977 720 2060 fortunamls
735 1994 851 2085 Neque
866 2006 976 2061 tamen
992 1993 1082 2086 prius
1098 1991 1151 2060 ille
1167 1991 1333 2062 fortunam
1344 2017 1461 2086 ,quiam

403 2121 437 2166 se
456 2099 542 2191 ipsc,
561 2097 656 2166 finxit
671 2123 679 2166 ε
693 2100 748 2191 qui
764 2099 867 2183 cavit,
889 2123 931 2166 ne
952 2121 1018 2191 qua
1038 2099 1072 2166 in
1090 2123 1126 2166 re
1135 2097 1230 2189 jure⁹
1249 2095 1460 2192 plecteretur.

454 2205 531 2272 xil.
551 2206 611 2271 His
626 2205 725 2298 igitur
737 2203 834 2272 rebus
848 2203 974 2289 ellecit,
989 2218 1027 2272 ut
1037 2205 1084 2272 M.
1097 2204 1274 2297 Vipsanius
1285 2205 1429 2298 Agrippa
1437 2203 1461 2290 ¹,

400 2311 514 2378 intima
528 2307 748 2378 familiaritate
762 2310 958 2402 conjunctus
973 2308 1171 2380 adolescenti
1183 2311 1323 2394 Caesari,
1339 2333 1461 2402 quum,

400 2429 537 2510 propter
553 2439 645 2485 suam
661 2417 799 2509 gratiam
820 2428 854 2484 et
873 2416 1011 2485 Caesaris
1025 2416 1226 2509 potentiam,
1242 2413 1363 2483 nullius
1384 2440 1461 2484 con·

400 2624 472 2658 secra
492 2607 654 2671 hebebatur,
676 2619 703 2660 et
723 2607 786 2659 hinc
804 2607 905 2678 asylum
950 2606 1095 2659 Orat.1:·
1112 2605 1163 2659 Sed
1175 2626 1217 2660 res
1225 2605 1316 2660 docuit
1328 2606 1355 2660 id
1366 2627 1457 2661 rerum

399 2687 539 2756 prebebat
557 2685 644 2738 Hodie
656 2686 822 2739 Samodmclri.
842 2687 903 2754 Tm.
949 2703 1020 2748 esse,
1033 2685 1106 2757 quod
1119 2688 1147 2738 in
1162 2687 1272 2740 carmin.
1285 2687 1387 2759 Appius
1402 2688 1457 2741 eit:

441 2772 467 2828 4.
482 2766 566 2837 Neque
578 2769 754 2836 tempomriam,
772 2785 845 2838 neque
857 2767 907 2816 cal·
948 2767 1057 2818 Fabium
1071 2786 1121 2818 esse
1134 2786 1185 2820 suoe
1197 2785 1310 2839 quemque
1318 2769 1453 2833 sertum.-

400 2843 482 2898 Iidam.
513 2844 599 2916 Hujus
625 2845 832 2898 munificentiam
856 2863 906 2900 uec
990 2864 1017 2913 9.
1037 2846 1098 2898 lure
1115 2846 1266 2916 plectentem
1289 2847 1394 2900 Erroris
1409 2845 1456 2899 sd-

400 2923 526 2994 tcmporis
540 2942 616 2976 censa
631 2925 720 2976 fictam
733 2963 742 2988 ‚
757 2943 806 2976 nee
820 2938 906 2996 cepta·
949 2924 1019 2977 missi
1035 2925 1129 2978 merito
1143 2943 1247 2997 poennm
1260 2923 1343 2979 deret.

398 3004 491 3056 tricem
504 3003 626 3056 extitisse.
642 3003 777 3056 Cousrrr.
989 3004 1052 3057 Cin.
1069 3005 1130 3056 XII.
1151 3023 1176 3057 r.
1189 3005 1319 3074 Vipsanius
1331 3005 1454 3075 Agrippa.

406 3131 409 3138 ,
442 3085 468 3136 5.
491 3082 549 3134 Non
561 3083 706 3154 florentibus
724 3103 750 3134 se
764 3083 904 3136 venditavit.
947 3081 1051 3147 llic‚ut
1059 3083 1110 3136 fert
1120 3083 1217 3137 Seneca
1229 3083 1312 3155 Epist.
1321 3085 1397 3148 xxi,
1408 3085 1455 3138 At·

400 3163 542 3232 Nunquam
552 3180 630 3214 usura
640 3162 681 3214 vel
690 3162 846 3232 gloriatione
860 3181 905 3234 po·
948 3163 992 3216 tici
1008 3181 1088 3232 gener
1101 3163 1160 3220 fuit.
1172 3165 1207 3216 Et
1219 3176 1272 3216 tres
1284 3163 1378 3217 hebuit
1389 3181 1455 3216 uso·

399 3242 513 3295 tentibus
528 3242 667 3294 obsecutus
683 3253 729 3293 est.
947 3261 1121 3314 res‚qusrum
1130 3243 1228 3314 pmice,
1238 3237 1398 3315 Pomponis,
1408 3249 1454 3296 At·

438 3325 464 3376 6.
486 3321 607 3374 Flos-ente.
632 3319 684 3372 Alii
696 3322 837 3390 florentem,
854 3339 904 3392 op·
948 3322 993 3374 tici
1006 3322 1076 3387 filim
1089 3321 1170 3375 ultera
1185 3323 1324 3386 Marcella,
1338 3323 1455 3376 Octavi·

397 3400 527 3471 positione
543 3401 629 3452 minus
642 3400 780 3453 concinne.
946 3399 1016 3466 lilim
1026 3402 1103 3454 tertia
1113 3401 1129 3454 J
1131 3402 1197 3466 ulia,
1209 3401 1276 3472 Aug.
1288 3401 1411 3468 Caesaris,
1423 3421 1453 3455 ex

438 3499 464 3550 7.
480 3479 713 3550 Neque,...malslm
727 3481 820 3544 ulcisci,
833 3499 903 3550 quam
947 3498 998 3552 qua
1021 3471 1114 3534 Caium
1142 3493 1169 3534 et
1193 3481 1306 3534 Lucium
1327 3483 1452 3548 cane,

397 3559 510 3612 oblivisci.
531 3558 583 3612 Alii
596 3559 671 3612 aliter
686 3560 783 3630 legunt.
807 3559 903 3612 Sellus·
946 3559 1452 3632 PosthumumAgrippamAgrippiumn

397 3640 449 3692 tius
461 3657 524 3691 vero
538 3639 658 3692 similiter
665 3637 698 3691 de
708 3640 800 3709 priscis
809 3641 904 3692 Rome·
945 3639 1077 3692 etJuliam
1088 3639 1198 3694 hebuit:
1210 3637 1265 3694 dux
1275 3659 1382 3713 quoque
1390 3641 1453 3694 belli

396 3721 437 3772 nis
451 3737 458 3771 :
477 3745 488 3766 ι
499 3720 612 3790 Accepta
627 3719 739 3788 injuria,
755 3719 902 3790 ignoscere,
945 3720 1134 3790 peritissimus,
1148 3717 1182 3772 de
1195 3737 1249 3792 quo
1258 3721 1334 3792 Virg.
1347 3717 1451 3774 AEueid.

396 3817 474 3870 quem
485 3800 605 3870 persequi
616 3799 773 3851 malebant·
787 3799 901 3870 Jugtx.
946 3799 1029 3864 vm,
1046 3801 1118 3862 682,
1131 3817 1188 3871 sqq.
1203 3817 1210 3854 ε

436 3881 462 3932 8.
484 3878 529 3931 Stil
547 3884 629 3951 cm'qtoe
648 3895 723 3930 mom
734 3875 837 3948 fingunt
848 3879 904 3944 sore
945 3875 1003 3916 Perse
1012 3875 1134 3924 diruentis
1147 3878 1204 3916 etdir
1216 3878 1412 3932 Agrippsseeundin

395 3971 483 4010 tunam.
510 3958 576 4022 Quis
595 3959 663 4011 hanc
677 3959 832 4010 sententiam
846 3958 901 4028 pri.
945 3942 1254 4056 fflfflp‘ffi'fffflifll·
1270 3941 1404 3994 '’dmi''
1418 3957 1450 3982 ⁶¹·

394 4055 452 4090 mus
462 4035 532 4107 apud
543 4039 675 4090 Romanos
682 4035 807 4102 ediderit,
822 4035 901 4090 (locet
944 4063 1042 4117 TW„
1054 4063 1118 4106 mesti
1128 4065 1204 4119 snm.
1213 4075 1294 4108 mm..
1307 4079 1387 4106 eamn.

393 4115 543 4180 Sallustius,
559 4115 591 4170 ed
607 4118 701 4170 Cassi.
716 4114 750 4168 ‹le
768 4114 825 4168 orsi.
842 4135 897 4185 rep.
1282 4133 1382 4176 cassu.
