3284 5150
397 470 470 561 274
658 465 925 533 CORNELII
959 463 1189 532 NEPOTIS
1352 557 1355 564 .

394 604 506 658 utrum
527 588 557 656 ei
579 584 792 671 laboriosius,
805 610 847 654 an
863 584 1037 680 gloriosius
1052 585 1168 673 fiacrit,
1188 583 1323 657 difficile
1336 586 1398 657 fuit
1408 588 1461 682 ju·

393 695 524 782 dicare,
537 689 626 788 quod
640 694 674 762 in
693 717 807 760 eorum
822 689 977 786 periculis
987 717 1055 760 non
1067 715 1160 760 secus
1172 692 1343 782 absentes,
1355 717 1456 788 quam

393 814 587 898 presentes,
606 799 729 868 amicos
744 799 854 868 Attico
873 823 943 867 esse
964 823 1051 868 curae
1073 798 1242 892 cognitum
1263 811 1321 873 est

447 909 542 976 XIII.
563 907 680 1000 Neque
702 930 783 973 vero
805 906 913 974 minus
934 901 987 972 ille
1005 906 1071 990 vir,
1093 903 1200 973 bonus
1220 903 1457 1000 paterfamilias

392 1013 524 1082 habitus
553 1025 619 1094 est,
642 1035 742 1105 quarn
770 1011 859 1082 civis.
879 1011 966 1081 Nam
994 1035 1096 1104 quum
1127 1024 1213 1080 esset
1237 1013 1458 1106 pecuniosus,

391 1145 489 1189 nemo
509 1117 565 1188 illo
586 1119 694 1188 minus
712 1117 774 1186 suit
793 1141 904 1204 emax,
922 1117 1031 1186 minus
1045 1115 1251 1188 aedilicator'.
1269 1119 1384 1212 Neque
1404 1133 1456 1186 ta-

391 1250 467 1295 men
491 1249 559 1295 non
581 1226 615 1292 in
637 1224 751 1318 primis
771 1222 855 1292 bene
873 1223 1051 1309 habitavit,
1078 1223 1298 1320 omnibusque
1319 1227 1455 1318 optimis

390 1333 489 1401 rebus
515 1355 593 1400 usus
613 1344 672 1399 est.
696 1331 782 1398 Nam
807 1329 943 1401 domurn
968 1328 1084 1398 habuit
1107 1331 1140 1398 in
1161 1327 1264 1398 colle²
1290 1329 1454 1418 Quirinali

389 1437 661 1534 Tampliilanam,
685 1435 728 1504 ab
755 1434 920 1506 avunculo
940 1434 1123 1507 hereditate
1154 1434 1302 1510 relictam
1322 1462 1331 1522 ;
1358 1439 1453 1531 cujus

389 1546 561 1615 amoenitas
579 1569 647 1612 nou
671 1541 825 1628 aedificio,
845 1541 903 1611 sed
924 1539 1004 1610 silva
1023 1541 1205 1612 constabat.
1228 1544 1342 1640 ipsum
1362 1546 1452 1616 enirn

390 1665 525 1738 tectum,
539 1633 733 1743 antiquitus³
746 1649 972 1732 constitutum,
985 1646 1060 1742 plus
1072 1645 1158 1736 salis,
1170 1671 1270 1742 quam
1284 1664 1452 1744 sumptus,
1474 1675 1477 1678 ·

389 1755 553 1826 habebat:
568 1757 602 1826 in
621 1779 688 1848 quo
708 1753 791 1823 niliil
812 1756 1043 1840 commutavit,
1059 1756 1120 1824 nisi
1143 1755 1170 1824 si
1191 1753 1270 1849 quid
1288 1769 1452 1827 vetustate

389 1878 524 1934 coactus
542 1876 600 1930 est.
621 1863 710 1930 Usus
728 1875 778 1930 cst
791 1859 930 1948 familia,
948 1862 975 1930 si
991 1858 1130 1930 utilitate
1141 1859 1358 1956 judicandum
1380 1877 1452 1950 est,

388 1970 530 2062 optima3
545 1969 572 2036 si
590 1967 714 2050 sonna,
731 1969 786 2034 vix
803 1965 981 2036 mediocri:
997 1989 1139 2060 namque
1153 1968 1187 2036 in
1199 1989 1237 2036 ea
1251 1973 1345 2036 erasit
1356 1971 1451 2064 pueri

389 2073 631 2161 litteratissimi,
641 2089 833 2170 ,anagnostae
845 2073 961 2168 optimi
970 2060 994 2160 ⁴,
1008 2087 1042 2142 ct
1059 2072 1193 2169 plurimi
1203 2071 1344 2162 librarii3
1358 2089 1449 2144 utne

388 2180 585 2276 pedisequus
614 2179 745 2276 quidem
772 2182 944 2274 quisquam
972 2194 1076 2265 esset,
1097 2179 1153 2274 qui
1181 2205 1249 2248 non
1271 2193 1449 2275 utrumque

390 2385 456 2448 Quas
471 2378 580 2454 quidem
596 2381 676 2434 verba
695 2377 820 2432 videntur
839 2379 897 2432 lan·
983 2378 1009 2431 3.
1025 2379 1447 2450 Antiqm'tus.Mnrevetusto.Qno

389 2481 477 2534 gnere,
484 2459 597 2531 ideoque
602 2459 723 2512 nonnulli
731 2457 896 2513 hunclocuua
940 2457 1022 2510 verbo
1032 2457 1161 2530 inprimis
1171 2456 1318 2513 delectatur
1325 2461 1449 2528 Tacitus,

389 2553 545 2613 corruptum
554 2541 743 2594 existimarunt.
758 2571 798 2582 --
813 2543 897 2595 Attice
940 2537 1041 2609 quippe
1054 2538 1101 2609 qui
1117 2537 1241 2594 undecies
1255 2538 1322 2595 illud
1340 2559 1450 2612 usurpa·

390 2643 439 2676 csse
453 2641 524 2674 curce.
540 2621 608 2674 Ilinc
621 2620 760 2693 probatum
777 2619 840 2682 luit,
852 2621 900 2686 Αῑ·Δ
940 2619 1016 2671 verit.
1025 2615 1096 2672 Vide
1106 2619 1201 2672 Aunal.
1215 2620 1259 2686 11,
1274 2621 1325 2685 563
1339 2621 1395 2686 xl,
1412 2623 1448 2699 5,

391 2703 473 2756 ticum
490 2697 583 2753 eodem
596 2695 684 2752 tudio
692 2697 899 2768 invigilareami·
937 2709 989 2750 etc.
1007 2721 1045 2730 -
1068 2697 1129 2749 Plus
1148 2699 1225 2763 salis,
1241 2719 1311 2772 paam
1332 2713 1446 2772 smptus.

390 2801 483 2836 corum
496 2797 621 2846 suorum,
644 2780 699 2832 sire
714 2778 896 2850 praesentium,
940 2775 1002 2828 Plus
1025 2777 1178 2848 elegantias,
1196 2781 1301 2851 gratiam
1323 2781 1358 2832 ob
1379 2781 1447 2834 anti·

391 2864 445 2917 sire
459 2860 623 2925 absmtium,
637 2859 722 2912 saluti.
874 2919 878 2932 ι
939 2856 1047 2927 quitatis
1065 2855 1194 2924 laudem,
1218 2878 1298 2931 qnam
1320 2860 1446 2932 impensa

432 2943 497 2995 Car.
514 2939 590 2992 XIII.
615 2957 639 2991 r.
656 2939 796 3005 Mnmsuir
812 2957 894 3000 emaa,
939 2935 1086 2989 exhibebat.
1104 2935 1267 2991 Salbautem
1284 2939 1446 2993 miteetin-

393 3027 469 3074 minus
483 3019 623 3090 edificator.
642 3017 681 3070 Ex
701 3017 805 3090 publica
816 3017 896 3073 antei
939 3015 1016 3069 solite
1029 3015 1062 3069 ad
1075 3015 1186 3070 domum
1200 3018 1364 3072 transfertur.

391 3103 445 3154 vira
457 3099 490 3154 nd
498 3100 626 3172 privatam
636 3097 728 3150 transit
741 3097 897 3168 Nepos,cu·
981 3101 1007 3159 4.
1028 3097 1179 3166 Arcagaostoe
1205 3100 1296 3169 oprimi.
1321 3099 1445 3152 Lectores

390 3184 432 3252 jus
447 3178 583 3232 sententie
596 3176 719 3230 suscribit
732 3177 788 3229 Cic.
802 3174 895 3231 Parad.
938 3175 1056 3242 scilicet,
1078 3177 1234 3247 ἀναγνῶςαι,
1254 3197 1370 3250 quorum
1386 3177 1445 3232 offi-

393 3257 604 3323 VI,lrisrerbis:
621 3257 898 3321 uNouesseeinacem,
939 3255 1009 3308 cium
1034 3269 1090 3309 erat
1114 3269 1167 3310 tatu
1189 3257 1217 3309 in
1241 3257 1317 3312 seriis
1336 3256 1445 3324 studiis,

392 3337 501 3410 vectigal
519 3350 589 3390 esa·
613 3336 647 3387 Et
662 3337 791 3398 Lacones,
818 3336 896 3390 sicui
938 3353 1018 3406 quam
1031 3335 1316 3408 iuterepulas,libruin
1331 3339 1444 3411 aliquem

391 3419 460 3472 mula
475 3416 705 3490 imprecabantur,
719 3428 832 3486 quatuor
845 3416 896 3488 ipsi
938 3414 1079 3488 perlegere.
1095 3447 1135 3458 —
1151 3415 1263 3470 librarii.
1279 3416 1353 3470 Serri
1365 3419 1394 3471 in
1401 3416 1447 3472 de·

391 3495 509 3552 accidere
531 3496 671 3568 optabant,
699 3513 812 3567 quorum
839 3497 895 3567 pri·
938 3493 1083 3549 scribendis
1096 3509 1122 3550 et
1140 3495 1263 3549 curandis
1279 3497 1355 3550 libris
1373 3497 1444 3572 apud

391 3598 465 3632 muru
482 3589 538 3629 erat
557 3572 704 3628 edificandi
725 3573 895 3630 desiderium.
938 3575 1071 3628 Romanos
1093 3573 1215 3631 adhibiti.
1246 3577 1368 3642 Quorum
1392 3590 1444 3630 tres

390 3660 476 3712 Locus
489 3670 560 3710 extat
571 3653 642 3730 apud
650 3653 766 3708 Suidarn.
778 3655 879 3708 Cnosia.
938 3655 1057 3708 nominat
1078 3655 1190 3723 Cicero,
1205 3656 1281 3728 epist.
1294 3657 1376 3724 XIII,
1390 3664 1442 3722 ⁴4,

434 3760 457 3792 s.
480 3739 509 3790 ln
525 3737 584 3789 colle
607 3735 738 3806 Quirinali.
764 3735 841 3787 Unus
863 3754 895 3788 ex
938 3733 1100 3788 Pharnacem
1122 3735 1243 3806 scilicet,
1270 3738 1393 3792 aureum
1414 3749 1441 3790 et

391 3833 490 3890 septem
502 3819 593 3869 Romae
606 3817 755 3884 montibus,
770 3815 814 3867 ubi
832 3826 896 3866 tem·
938 3813 1064 3867 Salvium.
1084 3845 1123 3857 —
1150 3815 1304 3890 Pedisequos.
1325 3819 1392 3890 Apte
1411 3814 1446 3869 ad

389 3893 893 3972 planuirinierar.-Pamphilamne.
936 3891 1051 3948 viridam
1059 3891 1444 3966 descriptionernlitteratado·

389 3977 568 4052 A'I'amphilo
582 3973 696 4049 quodam
716 3975 836 4027 Romano
858 3975 894 4026 sic
938 3991 996 4028 mus
1009 3975 1159 4046 subjungit,
1180 3975 1241 4047 quia
1260 3975 1288 4028 in
1309 3975 1359 4030 boc
1372 3989 1443 4030 certe

389 4072 516 4112 vocatam.
533 4090 573 4099 -
589 4055 764 4109 :Ibaonnculu
789 4055 823 4122 Q.
840 4053 894 4107 Cn·
938 4073 1016 4107 nemo
1032 4055 1178 4108 litterarum
1193 4055 1323 4110 inscitiam
1344 4057 1441 4128 culpet.

387 4138 448 4192 cilio
459 4133 610 4204 scilicet,de
621 4155 675 4207 quo
686 4153 841 4206 supra,cap.
854 4133 889 4186 V.
937 4134 997 4190 Tar.
1013 4157 1054 4171 -
1070 4133 1199 4208 Utrumque
1214 4136 1297 4188 licium
1303 4137 1394 4204 secere.
1409 4133 1442 4188 Irl
