<?xml version="1.0" encoding="UTF-8"?>
<!DOCTYPE html PUBLIC "-//W3C//DTD XHTML 1.0 Transitional//EN"
    "http://www.w3.org/TR/xhtml1/DTD/xhtml1-transitional.dtd">
<html xmlns="http://www.w3.org/1999/xhtml" xml:lang="en" lang="en">
 <head>
  <title>
</title>
<meta http-equiv="Content-Type" content="text/html;charset=utf-8" />
  <meta name='ocr-system' content='tesseract 3.04.00' />
  <meta name='ocr-capabilities' content='ocr_page ocr_carea ocr_par ocr_line ocrx_word'/>
</head>
<body>
  <div class='ocr_page' id='page_1' title='image "./corneliusnepose00descgoog_0268.png"; bbox 0 0 3284 5150; ppageno 0'>
   <div class='ocr_carea' id='block_1_1' title="bbox 599 453 1270 555">
    <p class='ocr_par' dir='ltr' id='par_1_1' title="bbox 599 453 1270 555">
     <span class='ocr_line' id='line_1_1' title="bbox 599 453 1270 555; baseline 0.016 -36"><span class='ocrx_word' id='word_1_1' title='bbox 599 453 877 522; x_wconf 77' lang='lat' dir='ltr'><strong>samaras.</strong></span> <span class='ocrx_word' id='word_1_2' title='bbox 1200 461 1270 555; x_wconf 85' lang='lat'><strong>193</strong></span> 
     </span>
    </p>
   </div>
   <div class='ocr_carea' id='block_1_2' title="bbox 110 585 1343 1956">
    <p class='ocr_par' dir='ltr' id='par_1_2' title="bbox 110 585 1343 1956">
     <span class='ocr_line' id='line_1_2' title="bbox 209 585 1270 681; baseline 0.008 -27"><span class='ocrx_word' id='word_1_3' title='bbox 209 591 277 655; x_wconf 84' lang='lat' dir='ltr'><strong>noia</strong></span> <span class='ocrx_word' id='word_1_4' title='bbox 291 597 442 678; x_wconf 87' lang='lat' dir='ltr'><strong>poterat,</strong></span> <span class='ocrx_word' id='word_1_5' title='bbox 457 598 492 652; x_wconf 88' lang='lat' dir='ltr'><strong>et</strong></span> <span class='ocrx_word' id='word_1_6' title='bbox 508 605 570 652; x_wconf 77' lang='lat' dir='ltr'><strong>rer</strong></span> <span class='ocrx_word' id='word_1_7' title='bbox 590 585 879 680; x_wconf 80' lang='lat' dir='ltr'><strong>appropinquabat</strong></span> <span class='ocrx_word' id='word_1_8' title='bbox 893 611 902 673; x_wconf 91' lang='lat'>;</span> <span class='ocrx_word' id='word_1_9' title='bbox 918 585 1069 658; x_wconf 89' lang='lat' dir='ltr'><strong>simulata</strong></span> <span class='ocrx_word' id='word_1_10' title='bbox 1086 589 1270 681; x_wconf 89' lang='lat' dir='ltr'><strong>deditione,</strong></span> 
     </span>
     <span class='ocr_line' id='line_1_3' title="bbox 208 689 1269 795; baseline 0.008 -34"><span class='ocrx_word' id='word_1_11' title='bbox 208 692 289 761; x_wconf 90' lang='lat' dir='ltr'><strong>dum</strong></span> <span class='ocrx_word' id='word_1_12' title='bbox 312 690 354 760; x_wconf 94' lang='lat' dir='ltr'><strong>de</strong></span> <span class='ocrx_word' id='word_1_13' title='bbox 381 689 626 761; x_wconf 88' lang='lat' dir='ltr'><strong>conditionibus</strong></span> <span class='ocrx_word' id='word_1_14' title='bbox 648 705 786 778; x_wconf 90' lang='lat' dir='ltr'><strong>tractat,</strong></span> <span class='ocrx_word' id='word_1_15' title='bbox 803 693 966 786; x_wconf 70' lang='lat' dir='ltr'><strong>praefectis</strong></span> <span class='ocrx_word' id='word_1_16' title='bbox 986 697 1144 792; x_wconf 78' lang='lat' dir='ltr'><strong>Antigoni</strong></span> <span class='ocrx_word' id='word_1_17' title='bbox 1165 700 1269 795; x_wconf 90' lang='lat' dir='ltr'><strong>impo-</strong></span> 
     </span>
     <span class='ocr_line' id='line_1_4' title="bbox 208 797 1343 894; baseline 0.004 -26"><span class='ocrx_word' id='word_1_18' title='bbox 208 800 290 884; x_wconf 85' lang='lat' dir='ltr'><strong>suit,</strong></span> <span class='ocrx_word' id='word_1_19' title='bbox 308 821 407 892; x_wconf 88' lang='lat' dir='ltr'><strong>seque</strong></span> <span class='ocrx_word' id='word_1_20' title='bbox 420 821 459 865; x_wconf 94' lang='lat' dir='ltr'><strong>ac</strong></span> <span class='ocrx_word' id='word_1_21' title='bbox 482 821 558 866; x_wconf 86' lang='lat' dir='ltr'><strong>suos</strong></span> <span class='ocrx_word' id='word_1_22' title='bbox 576 819 691 867; x_wconf 88' lang='lat' dir='ltr'><strong>ornnes</strong></span> <span class='ocrx_word' id='word_1_23' title='bbox 703 800 843 867; x_wconf 73' lang='lat' dir='ltr'><strong>extinxit</strong></span> <span class='ocrx_word' id='word_1_24' title='bbox 862 797 1053 870; x_wconf 85' lang='lat' dir='ltr'><strong>incolumes.</strong></span> <span class='ocrx_word' id='word_1_25' title='bbox 1342 883 1343 894; x_wconf 9' lang='grc' dir='ltr'>χ</span> 
     </span>
     <span class='ocr_line' id='line_1_5' title="bbox 260 901 1269 1000; baseline 0.007 -26"><span class='ocrx_word' id='word_1_26' title='bbox 260 907 321 974; x_wconf 85' lang='lat' dir='ltr'><strong>Vl.</strong></span> <span class='ocrx_word' id='word_1_27' title='bbox 339 903 393 973; x_wconf 93' lang='lat' dir='ltr'><strong>Ad</strong></span> <span class='ocrx_word' id='word_1_28' title='bbox 409 903 498 972; x_wconf 90' lang='lat' dir='ltr'><strong>hunc</strong></span> <span class='ocrx_word' id='word_1_29' title='bbox 518 901 720 998; x_wconf 88' lang='lat' dir='ltr'><strong>Olympias¹‚</strong></span> <span class='ocrx_word' id='word_1_30' title='bbox 734 919 840 973; x_wconf 88' lang='lat' dir='ltr'><strong>mater</strong></span> <span class='ocrx_word' id='word_1_31' title='bbox 857 929 930 1000; x_wconf 85' lang='lat' dir='ltr'><strong>quae</strong></span> <span class='ocrx_word' id='word_1_32' title='bbox 949 906 1056 976; x_wconf 86' lang='lat' dir='ltr'><strong>fuerat</strong></span> <span class='ocrx_word' id='word_1_33' title='bbox 1070 906 1269 1000; x_wconf 79' lang='lat' dir='ltr'><strong>Alexandri,</strong></span> 
     </span>
     <span class='ocr_line' id='line_1_6' title="bbox 207 1007 1269 1109; baseline 0.008 -31"><span class='ocrx_word' id='word_1_34' title='bbox 207 1033 309 1105; x_wconf 89' lang='lat' dir='ltr'><strong>quum</strong></span> <span class='ocrx_word' id='word_1_35' title='bbox 333 1008 457 1079; x_wconf 79' lang='lat' dir='ltr'><strong>litteras</strong></span> <span class='ocrx_word' id='word_1_36' title='bbox 481 1023 516 1078; x_wconf 89' lang='lat' dir='ltr'><strong>ct</strong></span> <span class='ocrx_word' id='word_1_37' title='bbox 542 1007 676 1079; x_wconf 90' lang='lat' dir='ltr'><strong>nuntios</strong></span> <span class='ocrx_word' id='word_1_38' title='bbox 697 1012 837 1080; x_wconf 86' lang='lat' dir='ltr'><strong>misisset</strong></span> <span class='ocrx_word' id='word_1_39' title='bbox 857 1013 889 1079; x_wconf 93' lang='lat' dir='ltr'><strong>in</strong></span> <span class='ocrx_word' id='word_1_40' title='bbox 913 1013 1043 1094; x_wconf 81' lang='lat' dir='ltr'><strong>Asiam,</strong></span> <span class='ocrx_word' id='word_1_41' title='bbox 1061 1016 1269 1109; x_wconf 87' lang='lat' dir='ltr'><strong>consultum,</strong></span> 
     </span>
     <span class='ocr_line' id='line_1_7' title="bbox 110 1113 1268 1210; baseline 0.005 -23"><span class='ocrx_word' id='word_1_42' title='bbox 110 1139 112 1144; x_wconf 86' lang='lat'>·</span> <span class='ocrx_word' id='word_1_43' title='bbox 205 1131 319 1188; x_wconf 90' lang='lat' dir='ltr'><strong>utrum</strong></span> <span class='ocrx_word' id='word_1_44' title='bbox 350 1118 526 1210; x_wconf 90' lang='lat' dir='ltr'><strong>repetitum</strong></span> <span class='ocrx_word' id='word_1_45' title='bbox 561 1115 793 1186; x_wconf 86' lang='lat' dir='ltr'><strong>Macedoniarn</strong></span> <span class='ocrx_word' id='word_1_46' title='bbox 829 1119 955 1188; x_wconf 84' lang='lat' dir='ltr'><strong>veniret</strong></span> <span class='ocrx_word' id='word_1_47' title='bbox 985 1113 1091 1209; x_wconf 88' lang='lat' dir='ltr'><strong>(nam</strong></span> <span class='ocrx_word' id='word_1_48' title='bbox 1130 1137 1200 1190; x_wconf 93' lang='lat' dir='ltr'><strong>tum</strong></span> <span class='ocrx_word' id='word_1_49' title='bbox 1235 1127 1268 1194; x_wconf 94' lang='lat' dir='ltr'><strong>in</strong></span> 
     </span>
     <span class='ocr_line' id='line_1_8' title="bbox 206 1215 1269 1323; baseline 0.005 -29"><span class='ocrx_word' id='word_1_50' title='bbox 206 1226 309 1318; x_wconf 81' lang='lat' dir='ltr'><strong>Epiro</strong></span> <span class='ocrx_word' id='word_1_51' title='bbox 339 1215 543 1310; x_wconf 83' lang='lat' dir='ltr'><strong>habitabat)</strong></span> <span class='ocrx_word' id='word_1_52' title='bbox 559 1237 593 1290; x_wconf 91' lang='lat' dir='ltr'><strong>et</strong></span> <span class='ocrx_word' id='word_1_53' title='bbox 624 1247 679 1292; x_wconf 89' lang='lat' dir='ltr'><strong>eas</strong></span> <span class='ocrx_word' id='word_1_54' title='bbox 708 1247 759 1293; x_wconf 89' lang='lat' dir='ltr'><strong>res</strong></span> <span class='ocrx_word' id='word_1_55' title='bbox 784 1239 963 1318; x_wconf 90' lang='lat' dir='ltr'><strong>occuparet</strong></span> <span class='ocrx_word' id='word_1_56' title='bbox 985 1252 995 1309; x_wconf 90' lang='lat'>;</span> <span class='ocrx_word' id='word_1_57' title='bbox 1023 1226 1100 1296; x_wconf 90' lang='lat' dir='ltr'><strong>huic</strong></span> <span class='ocrx_word' id='word_1_58' title='bbox 1124 1227 1177 1298; x_wconf 92' lang='lat' dir='ltr'><strong>ille</strong></span> <span class='ocrx_word' id='word_1_59' title='bbox 1198 1233 1269 1323; x_wconf 92' lang='lat' dir='ltr'><strong>pri-</strong></span> 
     </span>
     <span class='ocr_line' id='line_1_9' title="bbox 206 1331 1271 1426; baseline 0.004 -26"><span class='ocrx_word' id='word_1_60' title='bbox 206 1353 298 1400; x_wconf 88' lang='lat' dir='ltr'><strong>mum</strong></span> <span class='ocrx_word' id='word_1_61' title='bbox 321 1331 439 1415; x_wconf 83' lang='lat' dir='ltr'><strong>suasit,</strong></span> <span class='ocrx_word' id='word_1_62' title='bbox 453 1351 495 1397; x_wconf 90' lang='lat' dir='ltr'><strong>nc</strong></span> <span class='ocrx_word' id='word_1_63' title='bbox 514 1354 549 1398; x_wconf 90' lang='lat' dir='ltr'><strong>se</strong></span> <span class='ocrx_word' id='word_1_64' title='bbox 567 1342 730 1415; x_wconf 85' lang='lat' dir='ltr'><strong>moveret,</strong></span> <span class='ocrx_word' id='word_1_65' title='bbox 743 1345 777 1399; x_wconf 92' lang='lat' dir='ltr'><strong>et</strong></span> <span class='ocrx_word' id='word_1_66' title='bbox 792 1343 998 1424; x_wconf 85' lang='lat' dir='ltr'><strong>expectaret,</strong></span> <span class='ocrx_word' id='word_1_67' title='bbox 1009 1332 1120 1426; x_wconf 89' lang='lat' dir='ltr'><strong>quoad</strong></span> <span class='ocrx_word' id='word_1_68' title='bbox 1136 1333 1271 1404; x_wconf 82' lang='lat' dir='ltr'><strong>Alexan·</strong></span> 
     </span>
     <span class='ocr_line' id='line_1_10' title="bbox 207 1435 1270 1534; baseline 0.006 -28"><span class='ocrx_word' id='word_1_69' title='bbox 207 1436 258 1506; x_wconf 91' lang='lat' dir='ltr'><strong>dri</strong></span> <span class='ocrx_word' id='word_1_70' title='bbox 274 1435 360 1506; x_wconf 87' lang='lat' dir='ltr'><strong>filius</strong></span> <span class='ocrx_word' id='word_1_71' title='bbox 379 1459 518 1529; x_wconf 83' lang='lat' dir='ltr'><strong>regnum</strong></span> <span class='ocrx_word' id='word_1_72' title='bbox 537 1436 795 1530; x_wconf 83' lang='lat' dir='ltr'><strong>adipisceretur:</strong></span> <span class='ocrx_word' id='word_1_73' title='bbox 820 1439 869 1506; x_wconf 93' lang='lat' dir='ltr'><strong>sin</strong></span> <span class='ocrx_word' id='word_1_74' title='bbox 888 1436 997 1531; x_wconf 88' lang='lat' dir='ltr'><strong>aliqua</strong></span> <span class='ocrx_word' id='word_1_75' title='bbox 1015 1438 1194 1534; x_wconf 86' lang='lat' dir='ltr'><strong>cupiditate</strong></span> <span class='ocrx_word' id='word_1_76' title='bbox 1214 1467 1270 1512; x_wconf 92' lang='lat' dir='ltr'><strong>ra-</strong></span> 
     </span>
     <span class='ocr_line' id='line_1_11' title="bbox 206 1541 1270 1638; baseline 0.007 -27"><span class='ocrx_word' id='word_1_77' title='bbox 206 1557 343 1638; x_wconf 84' lang='lat' dir='ltr'><strong>peretur</strong></span> <span class='ocrx_word' id='word_1_78' title='bbox 359 1544 393 1610; x_wconf 91' lang='lat' dir='ltr'><strong>in</strong></span> <span class='ocrx_word' id='word_1_79' title='bbox 410 1541 660 1630; x_wconf 89' lang='lat' dir='ltr'><strong>Macedoniarn,</strong></span> <span class='ocrx_word' id='word_1_80' title='bbox 676 1545 825 1612; x_wconf 82' lang='lat' dir='ltr'><strong>omniurn</strong></span> <span class='ocrx_word' id='word_1_81' title='bbox 845 1543 1038 1636; x_wconf 85' lang='lat' dir='ltr'><strong>injuriarum</strong></span> <span class='ocrx_word' id='word_1_82' title='bbox 1058 1545 1270 1618; x_wconf 89' lang='lat' dir='ltr'><strong>obliviscere·</strong></span> 
     </span>
     <span class='ocr_line' id='line_1_12' title="bbox 208 1649 1269 1746; baseline 0.007 -28"><span class='ocrx_word' id='word_1_83' title='bbox 208 1663 283 1734; x_wconf 88' lang='lat' dir='ltr'><strong>tur,</strong></span> <span class='ocrx_word' id='word_1_84' title='bbox 301 1659 335 1719; x_wconf 88' lang='lat' dir='ltr'><strong>et</strong></span> <span class='ocrx_word' id='word_1_85' title='bbox 354 1649 387 1716; x_wconf 93' lang='lat' dir='ltr'><strong>in</strong></span> <span class='ocrx_word' id='word_1_86' title='bbox 410 1651 575 1718; x_wconf 88' lang='lat' dir='ltr'><strong>neminem</strong></span> <span class='ocrx_word' id='word_1_87' title='bbox 601 1649 770 1718; x_wconf 86' lang='lat' dir='ltr'><strong>acerbiore</strong></span> <span class='ocrx_word' id='word_1_88' title='bbox 790 1663 941 1718; x_wconf 87' lang='lat' dir='ltr'><strong>uteretur</strong></span> <span class='ocrx_word' id='word_1_89' title='bbox 960 1652 1110 1746; x_wconf 85' lang='lat' dir='ltr'><strong>imperio.</strong></span> <span class='ocrx_word' id='word_1_90' title='bbox 1140 1655 1269 1726; x_wconf 87' lang='lat' dir='ltr'><strong>Horum</strong></span> 
     </span>
     <span class='ocr_line' id='line_1_13' title="bbox 206 1754 1268 1852; baseline 0.006 -28"><span class='ocrx_word' id='word_1_91' title='bbox 206 1755 288 1825; x_wconf 85' lang='lat' dir='ltr'><strong>nilril</strong></span> <span class='ocrx_word' id='word_1_92' title='bbox 305 1779 344 1824; x_wconf 89' lang='lat' dir='ltr'><strong>ea</strong></span> <span class='ocrx_word' id='word_1_93' title='bbox 358 1754 452 1842; x_wconf 88' lang='lat' dir='ltr'><strong>fecit;</strong></span> <span class='ocrx_word' id='word_1_94' title='bbox 467 1779 548 1824; x_wconf 87' lang='lat' dir='ltr'><strong>nam</strong></span> <span class='ocrx_word' id='word_1_95' title='bbox 566 1767 600 1824; x_wconf 92' lang='lat' dir='ltr'><strong>et</strong></span> <span class='ocrx_word' id='word_1_96' title='bbox 613 1757 648 1823; x_wconf 88' lang='lat' dir='ltr'><strong>in</strong></span> <span class='ocrx_word' id='word_1_97' title='bbox 667 1755 899 1824; x_wconf 87' lang='lat' dir='ltr'><strong>Macedoniarn</strong></span> <span class='ocrx_word' id='word_1_98' title='bbox 915 1757 1065 1852; x_wconf 82' lang='lat' dir='ltr'><strong>profecta</strong></span> <span class='ocrx_word' id='word_1_99' title='bbox 1081 1755 1161 1846; x_wconf 86' lang='lat' dir='ltr'><strong>ast²,</strong></span> <span class='ocrx_word' id='word_1_100' title='bbox 1178 1775 1211 1829; x_wconf 88' lang='lat' dir='ltr'><strong>et</strong></span> <span class='ocrx_word' id='word_1_101' title='bbox 1225 1763 1268 1830; x_wconf 91' lang='lat' dir='ltr'><strong>ibi</strong></span> 
     </span>
     <span class='ocr_line' id='line_1_14' title="bbox 207 1861 1269 1956; baseline 0.004 -24"><span class='ocrx_word' id='word_1_102' title='bbox 207 1861 430 1932; x_wconf 87' lang='lat' dir='ltr'><strong>crudelissime</strong></span> <span class='ocrx_word' id='word_1_103' title='bbox 445 1884 479 1931; x_wconf 89' lang='lat' dir='ltr'><strong>se</strong></span> <span class='ocrx_word' id='word_1_104' title='bbox 501 1863 610 1956; x_wconf 81' lang='lat' dir='ltr'><strong>gessit.</strong></span> <span class='ocrx_word' id='word_1_105' title='bbox 633 1863 730 1931; x_wconf 89' lang='lat' dir='ltr'><strong>Petiit</strong></span> <span class='ocrx_word' id='word_1_106' title='bbox 752 1876 863 1932; x_wconf 87' lang='lat' dir='ltr'><strong>autem</strong></span> <span class='ocrx_word' id='word_1_107' title='bbox 881 1861 924 1930; x_wconf 92' lang='lat' dir='ltr'><strong>ab</strong></span> <span class='ocrx_word' id='word_1_108' title='bbox 946 1865 1096 1934; x_wconf 86' lang='lat' dir='ltr'><strong>Eumene</strong></span> <span class='ocrx_word' id='word_1_109' title='bbox 1115 1865 1269 1956; x_wconf 90' lang='lat' dir='ltr'><strong>absente,</strong></span> 
     </span>
    </p>
   </div>
   <div class='ocr_carea' id='block_1_3' title="bbox 206 1967 1270 2489">
    <p class='ocr_par' dir='ltr' id='par_1_3' title="bbox 206 1967 1270 2489">
     <span class='ocr_line' id='line_1_15' title="bbox 207 1967 1270 2064; baseline 0.007 -28"><span class='ocrx_word' id='word_1_110' title='bbox 207 1993 249 2037; x_wconf 90' lang='lat' dir='ltr'><strong>ne</strong></span> <span class='ocrx_word' id='word_1_111' title='bbox 280 1981 449 2064; x_wconf 91' lang='lat' dir='ltr'><strong>pateretur</strong></span> <span class='ocrx_word' id='word_1_112' title='bbox 479 1967 623 2062; x_wconf 88' lang='lat' dir='ltr'><strong>Philippi</strong></span> <span class='ocrx_word' id='word_1_113' title='bbox 656 1967 775 2038; x_wconf 91' lang='lat' dir='ltr'><strong>domus</strong></span> <span class='ocrx_word' id='word_1_114' title='bbox 802 1981 835 2038; x_wconf 91' lang='lat' dir='ltr'><strong>et</strong></span> <span class='ocrx_word' id='word_1_115' title='bbox 864 1968 995 2039; x_wconf 85' lang='lat' dir='ltr'><strong>familiae</strong></span> <span class='ocrx_word' id='word_1_116' title='bbox 1027 1971 1270 2043; x_wconf 89' lang='lat' dir='ltr'><strong>inimicissimos</strong></span> 
     </span>
     <span class='ocr_line' id='line_1_16' title="bbox 206 2074 1268 2169; baseline 0.001 -24"><span class='ocrx_word' id='word_1_117' title='bbox 206 2078 265 2146; x_wconf 88' lang='lat' dir='ltr'><strong>stir</strong></span> <span class='ocrx_word' id='word_1_118' title='bbox 288 2101 341 2144; x_wconf 91' lang='lat' dir='ltr'><strong>ern</strong></span> <span class='ocrx_word' id='word_1_119' title='bbox 352 2098 485 2169; x_wconf 83' lang='lat' dir='ltr'><strong>quoque</strong></span> <span class='ocrx_word' id='word_1_120' title='bbox 496 2076 702 2161; x_wconf 84' lang='lat' dir='ltr'><strong>interimere,</strong></span> <span class='ocrx_word' id='word_1_121' title='bbox 714 2074 879 2169; x_wconf 87' lang='lat' dir='ltr'><strong>ferretque</strong></span> <span class='ocrx_word' id='word_1_122' title='bbox 891 2097 989 2169; x_wconf 90' lang='lat' dir='ltr'><strong>opem</strong></span> <span class='ocrx_word' id='word_1_123' title='bbox 1002 2075 1113 2147; x_wconf 89' lang='lat' dir='ltr'><strong>liberis</strong></span> <span class='ocrx_word' id='word_1_124' title='bbox 1123 2076 1268 2148; x_wconf 87' lang='lat' dir='ltr'><strong>Alexan-</strong></span> 
     </span>
     <span class='ocr_line' id='line_1_17' title="bbox 207 2179 1267 2280; baseline 0.005 -30"><span class='ocrx_word' id='word_1_125' title='bbox 207 2181 258 2250; x_wconf 93' lang='lat' dir='ltr'><strong>dri</strong></span> <span class='ocrx_word' id='word_1_126' title='bbox 283 2207 400 2276; x_wconf 87' lang='lat' dir='ltr'><strong>:quam</strong></span> <span class='ocrx_word' id='word_1_127' title='bbox 413 2182 543 2249; x_wconf 86' lang='lat' dir='ltr'><strong>veniam</strong></span> <span class='ocrx_word' id='word_1_128' title='bbox 555 2182 582 2249; x_wconf 96' lang='lat' dir='ltr'><strong>si</strong></span> <span class='ocrx_word' id='word_1_129' title='bbox 593 2179 655 2250; x_wconf 91' lang='lat' dir='ltr'><strong>sibi</strong></span> <span class='ocrx_word' id='word_1_130' title='bbox 666 2180 1026 2275; x_wconf 90' lang='lat' dir='ltr'><strong>daret‚quamprimum</strong></span> <span class='ocrx_word' id='word_1_131' title='bbox 1039 2185 1200 2254; x_wconf 85' lang='lat' dir='ltr'><strong>exercitus</strong></span> <span class='ocrx_word' id='word_1_132' title='bbox 1210 2211 1267 2280; x_wconf 91' lang='lat' dir='ltr'><strong>pa·</strong></span> 
     </span>
     <span class='ocr_line' id='line_1_18' title="bbox 206 2286 1266 2383; baseline 0.004 -27"><span class='ocrx_word' id='word_1_133' title='bbox 206 2302 308 2376; x_wconf 89' lang='lat' dir='ltr'><strong>raret,</strong></span> <span class='ocrx_word' id='word_1_134' title='bbox 322 2313 405 2383; x_wconf 91' lang='lat' dir='ltr'><strong>quos</strong></span> <span class='ocrx_word' id='word_1_135' title='bbox 417 2287 477 2357; x_wconf 91' lang='lat' dir='ltr'><strong>sibi</strong></span> <span class='ocrx_word' id='word_1_136' title='bbox 494 2286 639 2356; x_wconf 88' lang='lat' dir='ltr'><strong>subsidio</strong></span> <span class='ocrx_word' id='word_1_137' title='bbox 656 2286 848 2356; x_wconf 89' lang='lat' dir='ltr'><strong>adduceret:</strong></span> <span class='ocrx_word' id='word_1_138' title='bbox 862 2288 895 2355; x_wconf 92' lang='lat' dir='ltr'><strong>id</strong></span> <span class='ocrx_word' id='word_1_139' title='bbox 909 2311 975 2381; x_wconf 93' lang='lat' dir='ltr'><strong>quo</strong></span> <span class='ocrx_word' id='word_1_140' title='bbox 990 2286 1116 2358; x_wconf 84' lang='lat' dir='ltr'><strong>facilius</strong></span> <span class='ocrx_word' id='word_1_141' title='bbox 1129 2288 1266 2378; x_wconf 87' lang='lat' dir='ltr'><strong>laceret,</strong></span> 
     </span>
     <span class='ocr_line' id='line_1_19' title="bbox 207 2392 1266 2489; baseline 0.002 -23"><span class='ocrx_word' id='word_1_142' title='bbox 207 2420 242 2466; x_wconf 90' lang='lat' dir='ltr'><strong>se</strong></span> <span class='ocrx_word' id='word_1_143' title='bbox 256 2394 411 2464; x_wconf 89' lang='lat' dir='ltr'><strong>omnibus</strong></span> <span class='ocrx_word' id='word_1_144' title='bbox 426 2392 670 2489; x_wconf 85' lang='lat' dir='ltr'><strong>praefectis‚qui</strong></span> <span class='ocrx_word' id='word_1_145' title='bbox 688 2395 721 2462; x_wconf 93' lang='lat' dir='ltr'><strong>in</strong></span> <span class='ocrx_word' id='word_1_146' title='bbox 739 2393 850 2464; x_wconf 84' lang='lat' dir='ltr'><strong>cilicio</strong></span> <span class='ocrx_word' id='word_1_147' title='bbox 866 2393 1060 2482; x_wconf 86' lang='lat' dir='ltr'><strong>manebant,</strong></span> <span class='ocrx_word' id='word_1_148' title='bbox 1073 2397 1199 2466; x_wconf 90' lang='lat' dir='ltr'><strong>misisse</strong></span> <span class='ocrx_word' id='word_1_149' title='bbox 1215 2395 1266 2468; x_wconf 91' lang='lat' dir='ltr'><strong>lit·</strong></span> 
     </span>
    </p>
   </div>
   <div class='ocr_carea' id='block_1_4' title="bbox 175 2591 1265 4184">
    <p class='ocr_par' dir='ltr' id='par_1_4' title="bbox 175 2591 1265 3628">
     <span class='ocr_line' id='line_1_20' title="bbox 205 2591 1264 2668; baseline 0.005 -20"><span class='ocrx_word' id='word_1_150' title='bbox 205 2610 248 2652; x_wconf 82' lang='lat' dir='ltr'><strong>tus</strong></span> <span class='ocrx_word' id='word_1_151' title='bbox 260 2613 345 2648; x_wconf 84' lang='lat' dir='ltr'><strong>novos</strong></span> <span class='ocrx_word' id='word_1_152' title='bbox 357 2594 474 2667; x_wconf 83' lang='lat' dir='ltr'><strong>accipere</strong></span> <span class='ocrx_word' id='word_1_153' title='bbox 483 2611 539 2648; x_wconf 89' lang='lat' dir='ltr'><strong>non</strong></span> <span class='ocrx_word' id='word_1_154' title='bbox 552 2605 671 2667; x_wconf 87' lang='lat' dir='ltr'><strong>poterat,</strong></span> <span class='ocrx_word' id='word_1_155' title='bbox 683 2611 714 2648; x_wconf 85' lang='lat' dir='ltr'><strong>aa</strong></span> <span class='ocrx_word' id='word_1_156' title='bbox 756 2591 846 2648; x_wconf 89' lang='lat' dir='ltr'><strong>dorus.</strong></span> <span class='ocrx_word' id='word_1_157' title='bbox 862 2595 983 2648; x_wconf 71' lang='lat' dir='ltr'><strong>Limera.</strong></span> <span class='ocrx_word' id='word_1_158' title='bbox 991 2627 1032 2639; x_wconf 88' lang='lat'>-</span> <span class='ocrx_word' id='word_1_159' title='bbox 1045 2596 1264 2668; x_wconf 74' lang='lat' dir='ltr'><strong>Akraadrtfila&#39;ar.</strong></span> 
     </span>
     <span class='ocr_line' id='line_1_21' title="bbox 204 2671 1265 2749; baseline 0.004 -19"><span class='ocrx_word' id='word_1_160' title='bbox 204 2695 252 2730; x_wconf 81' lang='lat' dir='ltr'><strong>aer</strong></span> <span class='ocrx_word' id='word_1_161' title='bbox 263 2671 335 2748; x_wconf 83' lang='lat' dir='ltr'><strong>(quo</strong></span> <span class='ocrx_word' id='word_1_162' title='bbox 347 2687 465 2746; x_wconf 82' lang='lat' dir='ltr'><strong>tempore</strong></span> <span class='ocrx_word' id='word_1_163' title='bbox 475 2677 561 2746; x_wconf 85' lang='lat' dir='ltr'><strong>major</strong></span> <span class='ocrx_word' id='word_1_164' title='bbox 572 2671 714 2727; x_wconf 85' lang='lat' dir='ltr'><strong>metuenda</strong></span> <span class='ocrx_word' id='word_1_165' title='bbox 757 2675 844 2739; x_wconf 86' lang='lat' dir='ltr'><strong>Quem</strong></span> <span class='ocrx_word' id='word_1_166' title='bbox 859 2672 1160 2731; x_wconf 79' lang='lat' dir='ltr'><strong>Alexanderexlloasue</strong></span> <span class='ocrx_word' id='word_1_167' title='bbox 1170 2698 1265 2749; x_wconf 72' lang='lat' dir='ltr'><strong>geuue-</strong></span> 
     </span>
     <span class='ocr_line' id='line_1_22' title="bbox 175 2754 1262 2829; baseline 0.001 -18"><span class='ocrx_word' id='word_1_168' title='bbox 175 2783 180 2798; x_wconf 52' lang='grc' dir='ltr'><strong><em>ι</em></strong></span> <span class='ocrx_word' id='word_1_169' title='bbox 203 2769 260 2811; x_wconf 84' lang='lat' dir='ltr'><strong>erat</strong></span> <span class='ocrx_word' id='word_1_170' title='bbox 271 2754 449 2829; x_wconf 72' lang='lat' dir='ltr'><strong>oppugnatio)</strong></span> <span class='ocrx_word' id='word_1_171' title='bbox 460 2754 575 2819; x_wconf 78' lang='lat' dir='ltr'><strong>adesset,</strong></span> <span class='ocrx_word' id='word_1_172' title='bbox 587 2755 713 2807; x_wconf 84' lang='lat' dir='ltr'><strong>ambabus</strong></span> <span class='ocrx_word' id='word_1_173' title='bbox 755 2766 809 2819; x_wconf 85' lang='lat' dir='ltr'><strong>rat,</strong></span> <span class='ocrx_word' id='word_1_174' title='bbox 822 2772 952 2826; x_wconf 83' lang='lat' dir='ltr'><strong>quemque</strong></span> <span class='ocrx_word' id='word_1_175' title='bbox 969 2755 1014 2808; x_wconf 90' lang='lat' dir='ltr'><strong>alii</strong></span> <span class='ocrx_word' id='word_1_176' title='bbox 1032 2755 1202 2829; x_wconf 83' lang='lat' dir='ltr'><strong>Philippum,</strong></span> <span class='ocrx_word' id='word_1_177' title='bbox 1219 2761 1262 2812; x_wconf 85' lang='lat' dir='ltr'><strong>alii</strong></span> 
     </span>
     <span class='ocr_line' id='line_1_23' title="bbox 203 2832 1264 2910; baseline 0.001 -20"><span class='ocrx_word' id='word_1_178' title='bbox 203 2837 276 2890; x_wconf 85' lang='lat' dir='ltr'><strong>bisce</strong></span> <span class='ocrx_word' id='word_1_179' title='bbox 284 2836 368 2890; x_wconf 86' lang='lat' dir='ltr'><strong>causis</strong></span> <span class='ocrx_word' id='word_1_180' title='bbox 377 2835 441 2888; x_wconf 90' lang='lat' dir='ltr'><strong>binc</strong></span> <span class='ocrx_word' id='word_1_181' title='bbox 449 2853 477 2888; x_wconf 89' lang='lat' dir='ltr'><strong>se</strong></span> <span class='ocrx_word' id='word_1_182' title='bbox 488 2832 613 2908; x_wconf 79' lang='lat' dir='ltr'><strong>expedire</strong></span> <span class='ocrx_word' id='word_1_183' title='bbox 626 2835 715 2906; x_wconf 85' lang='lat' dir='ltr'><strong>capie-</strong></span> <span class='ocrx_word' id='word_1_184' title='bbox 756 2833 913 2900; x_wconf 85' lang='lat' dir='ltr'><strong>Herculem,</strong></span> <span class='ocrx_word' id='word_1_185' title='bbox 929 2835 973 2887; x_wconf 90' lang='lat' dir='ltr'><strong>alii</strong></span> <span class='ocrx_word' id='word_1_186' title='bbox 984 2853 1063 2900; x_wconf 75' lang='lat' dir='ltr'><strong>ruo,</strong></span> <span class='ocrx_word' id='word_1_187' title='bbox 1078 2834 1158 2910; x_wconf 84' lang='lat' dir='ltr'><strong>idque</strong></span> <span class='ocrx_word' id='word_1_188' title='bbox 1170 2839 1264 2908; x_wconf 90' lang='lat' dir='ltr'><strong>proba·</strong></span> 
     </span>
     <span class='ocr_line' id='line_1_24' title="bbox 202 2912 1262 2986; baseline 0 -16"><span class='ocrx_word' id='word_1_189' title='bbox 202 2917 249 2970; x_wconf 86' lang='lat' dir='ltr'><strong>bat</strong></span> <span class='ocrx_word' id='word_1_190' title='bbox 261 2915 400 2969; x_wconf 85' lang='lat' dir='ltr'><strong>Eumenes.</strong></span> <span class='ocrx_word' id='word_1_191' title='bbox 411 2915 476 2968; x_wconf 68' lang='lat' dir='ltr'><strong>Alia</strong></span> <span class='ocrx_word' id='word_1_192' title='bbox 487 2912 624 2986; x_wconf 79' lang='lat' dir='ltr'><strong>eddquod</strong></span> <span class='ocrx_word' id='word_1_193' title='bbox 633 2925 713 2964; x_wconf 82' lang='lat' dir='ltr'><strong>castra</strong></span> <span class='ocrx_word' id='word_1_194' title='bbox 755 2913 850 2980; x_wconf 88' lang='lat' dir='ltr'><strong>bilius,</strong></span> <span class='ocrx_word' id='word_1_195' title='bbox 864 2933 895 2967; x_wconf 86' lang='lat' dir='ltr'><strong>ex</strong></span> <span class='ocrx_word' id='word_1_196' title='bbox 910 2913 993 2986; x_wconf 87' lang='lat' dir='ltr'><strong>patris</strong></span> <span class='ocrx_word' id='word_1_197' title='bbox 1010 2915 1132 2982; x_wconf 85' lang='lat' dir='ltr'><strong>nomine,</strong></span> <span class='ocrx_word' id='word_1_198' title='bbox 1151 2917 1262 2971; x_wconf 82' lang='lat' dir='ltr'><strong>Alexan-</strong></span> 
     </span>
     <span class='ocr_line' id='line_1_25' title="bbox 202 2991 1262 3066; baseline 0.003 -17"><span class='ocrx_word' id='word_1_199' title='bbox 202 2997 246 3049; x_wconf 77' lang='lat' dir='ltr'><strong>sat</strong></span> <span class='ocrx_word' id='word_1_200' title='bbox 260 2997 343 3049; x_wconf 74' lang='lat' dir='ltr'><strong>dieu..</strong></span> <span class='ocrx_word' id='word_1_201' title='bbox 356 3007 461 3066; x_wconf 80' lang='lat' dir='ltr'><strong>poterae.</strong></span> <span class='ocrx_word' id='word_1_202' title='bbox 478 2995 542 3056; x_wconf 81' lang='lat' dir='ltr'><strong>Ver,</strong></span> <span class='ocrx_word' id='word_1_203' title='bbox 558 3005 606 3046; x_wconf 85' lang='lat' dir='ltr'><strong>etc.</strong></span> <span class='ocrx_word' id='word_1_204' title='bbox 623 2993 712 3046; x_wconf 80' lang='lat' dir='ltr'><strong>-Sr&#39;·</strong></span> <span class='ocrx_word' id='word_1_205' title='bbox 755 2991 835 3046; x_wconf 88' lang='lat' dir='ltr'><strong>drmn</strong></span> <span class='ocrx_word' id='word_1_206' title='bbox 850 2995 1010 3066; x_wconf 85' lang='lat' dir='ltr'><strong>appellatum</strong></span> <span class='ocrx_word' id='word_1_207' title='bbox 1026 2995 1105 3048; x_wconf 86' lang='lat' dir='ltr'><strong>luisse</strong></span> <span class='ocrx_word' id='word_1_208' title='bbox 1124 2998 1262 3064; x_wconf 87' lang='lat' dir='ltr'><strong>scribunt,</strong></span> 
     </span>
     <span class='ocr_line' id='line_1_26' title="bbox 204 3073 1263 3139; baseline 0.004 -11"><span class='ocrx_word' id='word_1_209' title='bbox 204 3075 294 3128; x_wconf 77' lang='lat' dir='ltr'><strong>mahta</strong></span> <span class='ocrx_word' id='word_1_210' title='bbox 306 3076 434 3128; x_wconf 63' lang='lat' dir='ltr'><strong>Maiore.</strong></span> <span class='ocrx_word' id='word_1_211' title='bbox 444 3073 601 3127; x_wconf 83' lang='lat' dir='ltr'><strong>Plutarchus</strong></span> <span class='ocrx_word' id='word_1_212' title='bbox 613 3085 639 3125; x_wconf 87' lang='lat' dir='ltr'><strong>et</strong></span> <span class='ocrx_word' id='word_1_213' title='bbox 651 3073 713 3126; x_wconf 88' lang='lat' dir='ltr'><strong>Dio·</strong></span> <span class='ocrx_word' id='word_1_214' title='bbox 756 3085 785 3125; x_wconf 90' lang='lat' dir='ltr'><strong>ut</strong></span> <span class='ocrx_word' id='word_1_215' title='bbox 800 3085 909 3127; x_wconf 85' lang='lat' dir='ltr'><strong>testatur</strong></span> <span class='ocrx_word' id='word_1_216' title='bbox 921 3075 1076 3139; x_wconf 83' lang='lat' dir='ltr'><strong>Pausanias,</strong></span> <span class='ocrx_word' id='word_1_217' title='bbox 1088 3076 1116 3127; x_wconf 91' lang='lat' dir='ltr'><strong>in</strong></span> <span class='ocrx_word' id='word_1_218' title='bbox 1129 3077 1222 3130; x_wconf 81' lang='lat' dir='ltr'><strong>Atticis</strong></span> <span class='ocrx_word' id='word_1_219' title='bbox 1236 3089 1263 3132; x_wconf 87' lang='lat' dir='ltr'><strong>et</strong></span> 
     </span>
     <span class='ocr_line' id='line_1_27' title="bbox 203 3153 1258 3227; baseline 0.004 -20"><span class='ocrx_word' id='word_1_220' title='bbox 203 3154 285 3208; x_wconf 85' lang='lat' dir='ltr'><strong>dorus</strong></span> <span class='ocrx_word' id='word_1_221' title='bbox 295 3156 375 3227; x_wconf 90' lang='lat' dir='ltr'><strong>paulo</strong></span> <span class='ocrx_word' id='word_1_222' title='bbox 384 3155 460 3208; x_wconf 88' lang='lat' dir='ltr'><strong>aliter</strong></span> <span class='ocrx_word' id='word_1_223' title='bbox 467 3166 495 3207; x_wconf 87' lang='lat' dir='ltr'><strong>et</strong></span> <span class='ocrx_word' id='word_1_224' title='bbox 504 3154 588 3205; x_wconf 89' lang='lat' dir='ltr'><strong>multo</strong></span> <span class='ocrx_word' id='word_1_225' title='bbox 599 3153 710 3224; x_wconf 85' lang='lat' dir='ltr'><strong>plenius.</strong></span> <span class='ocrx_word' id='word_1_226' title='bbox 755 3153 1258 3223; x_wconf 77' lang='lat' dir='ltr'><strong>Emoticis,etDiodorus,X1X.Couar.</strong></span> 
     </span>
     <span class='ocr_line' id='line_1_28' title="bbox 202 3233 1264 3305; baseline 0 -17"><span class='ocrx_word' id='word_1_227' title='bbox 202 3235 324 3292; x_wconf 71' lang='lat' dir='ltr'><strong>Lenta.</strong></span> <span class='ocrx_word' id='word_1_228' title='bbox 351 3235 451 3288; x_wconf 86' lang='lat' dir='ltr'><strong>llursus</strong></span> <span class='ocrx_word' id='word_1_229' title='bbox 479 3233 556 3286; x_wconf 83' lang='lat' dir='ltr'><strong>aliter</strong></span> <span class='ocrx_word' id='word_1_230' title='bbox 575 3233 711 3296; x_wconf 88' lang='lat' dir='ltr'><strong>Justinus,</strong></span> <span class='ocrx_word' id='word_1_231' title='bbox 797 3253 822 3284; x_wconf 81' lang='lat' dir='ltr'><strong>a.</strong></span> <span class='ocrx_word' id='word_1_232' title='bbox 840 3233 869 3285; x_wconf 85' lang='lat' dir='ltr'><strong>In</strong></span> <span class='ocrx_word' id='word_1_233' title='bbox 884 3234 1049 3286; x_wconf 79' lang='lat' dir='ltr'><strong>Macedoniam</strong></span> <span class='ocrx_word' id='word_1_234' title='bbox 1057 3237 1166 3305; x_wconf 80' lang='lat' dir='ltr'><strong>pmsecta</strong></span> <span class='ocrx_word' id='word_1_235' title='bbox 1177 3249 1223 3300; x_wconf 85' lang='lat' dir='ltr'><strong>est,</strong></span> <span class='ocrx_word' id='word_1_236' title='bbox 1238 3253 1264 3290; x_wconf 80' lang='lat' dir='ltr'><strong>er</strong></span> 
     </span>
     <span class='ocr_line' id='line_1_29' title="bbox 204 3311 1260 3384; baseline 0.009 -22"><span class='ocrx_word' id='word_1_237' title='bbox 204 3313 285 3378; x_wconf 84' lang='lat' dir='ltr'><strong>xlv,</strong></span> <span class='ocrx_word' id='word_1_238' title='bbox 304 3333 383 3367; x_wconf 57' lang='grc'><strong>1,-</strong></span> <span class='ocrx_word' id='word_1_239' title='bbox 401 3315 524 3384; x_wconf 74' lang='lat' dir='ltr'><strong>Imposuit.</strong></span> <span class='ocrx_word' id='word_1_240' title='bbox 544 3313 634 3365; x_wconf 85' lang='lat' dir='ltr'><strong>Verba</strong></span> <span class='ocrx_word' id='word_1_241' title='bbox 661 3312 712 3366; x_wconf 86' lang='lat' dir='ltr'><strong>illis</strong></span> <span class='ocrx_word' id='word_1_242' title='bbox 754 3311 1260 3384; x_wconf 74' lang='lat' dir='ltr'><strong>tbtcrrdelnsime,ere.vid.sun.XIV,⁵.</strong></span> 
     </span>
     <span class='ocr_line' id='line_1_30' title="bbox 202 3391 1262 3466; baseline 0.003 -20"><span class='ocrx_word' id='word_1_243' title='bbox 202 3391 637 3464; x_wconf 73' lang='lat' dir='ltr'><strong>dedit,ipaosl&#39;elellit.-Estrasit.</strong></span> <span class='ocrx_word' id='word_1_244' title='bbox 644 3393 711 3463; x_wconf 88' lang='lat' dir='ltr'><strong>Apte</strong></span> <span class='ocrx_word' id='word_1_245' title='bbox 795 3391 821 3446; x_wconf 82' lang='grc'><strong>3.</strong></span> <span class='ocrx_word' id='word_1_246' title='bbox 838 3393 968 3466; x_wconf 81' lang='lat' dir='ltr'><strong>Famtque</strong></span> <span class='ocrx_word' id='word_1_247' title='bbox 981 3413 1047 3464; x_wconf 79' lang='lat' dir='ltr'><strong>opem</strong></span> <span class='ocrx_word' id='word_1_248' title='bbox 1063 3395 1142 3447; x_wconf 82' lang='lat' dir='ltr'><strong>liberis</strong></span> <span class='ocrx_word' id='word_1_249' title='bbox 1154 3397 1262 3449; x_wconf 73' lang='lat' dir='ltr'><strong>Alexan·</strong></span> 
     </span>
     <span class='ocr_line' id='line_1_31' title="bbox 201 3471 1261 3547; baseline 0.003 -20"><span class='ocrx_word' id='word_1_250' title='bbox 201 3471 237 3527; x_wconf 90' lang='lat' dir='ltr'><strong>ad</strong></span> <span class='ocrx_word' id='word_1_251' title='bbox 259 3471 403 3527; x_wconf 84' lang='lat' dir='ltr'><strong>notandam</strong></span> <span class='ocrx_word' id='word_1_252' title='bbox 432 3471 632 3538; x_wconf 66' lang='lat' dir='ltr'><strong>difficultatem</strong></span> <span class='ocrx_word' id='word_1_253' title='bbox 648 3472 711 3524; x_wconf 88' lang='lat' dir='ltr'><strong>alias</strong></span> <span class='ocrx_word' id='word_1_254' title='bbox 753 3471 799 3523; x_wconf 83' lang='lat' dir='ltr'><strong>dri.</strong></span> <span class='ocrx_word' id='word_1_255' title='bbox 820 3473 860 3524; x_wconf 80' lang='lat' dir='ltr'><strong>Ex</strong></span> <span class='ocrx_word' id='word_1_256' title='bbox 875 3474 997 3544; x_wconf 82' lang='lat' dir='ltr'><strong>oppositu</strong></span> <span class='ocrx_word' id='word_1_257' title='bbox 1019 3493 1061 3534; x_wconf 80' lang='lat' dir='ltr'><strong>ne,</strong></span> <span class='ocrx_word' id='word_1_258' title='bbox 1084 3474 1261 3547; x_wconf 85' lang='lat' dir='ltr'><strong>supplendum</strong></span> 
     </span>
     <span class='ocr_line' id='line_1_32' title="bbox 200 3553 1261 3628; baseline 0.002 -21"><span class='ocrx_word' id='word_1_259' title='bbox 200 3553 326 3626; x_wconf 70' lang='lat' dir='ltr'><strong>expedivit.</strong></span> <span class='ocrx_word' id='word_1_260' title='bbox 753 3563 793 3602; x_wconf 83' lang='lat' dir='ltr'><strong>est</strong></span> <span class='ocrx_word' id='word_1_261' title='bbox 808 3563 847 3612; x_wconf 82' lang='lat' dir='ltr'><strong>ut‚·</strong></span> <span class='ocrx_word' id='word_1_262' title='bbox 858 3563 915 3604; x_wconf 88' lang='lat' dir='ltr'><strong>tum</strong></span> <span class='ocrx_word' id='word_1_263' title='bbox 932 3573 975 3628; x_wconf 83' lang='lat' dir='ltr'><strong>que</strong></span> <span class='ocrx_word' id='word_1_264' title='bbox 990 3571 1039 3625; x_wconf 92' lang='lat' dir='ltr'><strong>pro</strong></span> <span class='ocrx_word' id='word_1_265' title='bbox 1053 3553 1108 3612; x_wconf 77' lang='lat' dir='ltr'><strong>sed,</strong></span> <span class='ocrx_word' id='word_1_266' title='bbox 1121 3567 1151 3607; x_wconf 91' lang='lat' dir='ltr'><strong>ut</strong></span> <span class='ocrx_word' id='word_1_267' title='bbox 1164 3559 1261 3627; x_wconf 83' lang='lat' dir='ltr'><strong>passim</strong></span> 
     </span>
    </p>

    <p class='ocr_par' dir='ltr' id='par_1_5' title="bbox 200 3631 1260 4184">
     <span class='ocr_line' id='line_1_33' title="bbox 242 3631 1257 3706; baseline 0.001 -19"><span class='ocrx_word' id='word_1_268' title='bbox 242 3635 308 3688; x_wconf 83' lang='lat' dir='ltr'><strong>Car.</strong></span> <span class='ocrx_word' id='word_1_269' title='bbox 324 3633 372 3685; x_wconf 84' lang='lat' dir='ltr'><strong>VI.</strong></span> <span class='ocrx_word' id='word_1_270' title='bbox 391 3649 415 3686; x_wconf 85' lang='lat' dir='ltr'><strong>r.</strong></span> <span class='ocrx_word' id='word_1_271' title='bbox 438 3631 572 3705; x_wconf 66' lang='lat' dir='ltr'><strong>Olympias.</strong></span> <span class='ocrx_word' id='word_1_272' title='bbox 590 3631 709 3702; x_wconf 87' lang='lat' dir='ltr'><strong>Neopto·</strong></span> <span class='ocrx_word' id='word_1_273' title='bbox 753 3641 784 3684; x_wconf 81' lang='lat' dir='ltr'><strong>et.</strong></span> <span class='ocrx_word' id='word_1_274' title='bbox 797 3631 836 3684; x_wconf 85' lang='lat' dir='ltr'><strong>De</strong></span> <span class='ocrx_word' id='word_1_275' title='bbox 846 3649 899 3702; x_wconf 83' lang='lat' dir='ltr'><strong>quo</strong></span> <span class='ocrx_word' id='word_1_276' title='bbox 912 3647 986 3686; x_wconf 87' lang='lat' dir='ltr'><strong>antea</strong></span> <span class='ocrx_word' id='word_1_277' title='bbox 1000 3645 1026 3686; x_wconf 88' lang='lat' dir='ltr'><strong>et</strong></span> <span class='ocrx_word' id='word_1_278' title='bbox 1039 3633 1177 3706; x_wconf 86' lang='lat' dir='ltr'><strong>aliquoties</strong></span> <span class='ocrx_word' id='word_1_279' title='bbox 1188 3636 1257 3689; x_wconf 88' lang='lat' dir='ltr'><strong>alibi.</strong></span> 
     </span>
     <span class='ocr_line' id='line_1_34' title="bbox 200 3711 1258 3783; baseline 0.002 -17"><span class='ocrx_word' id='word_1_280' title='bbox 200 3712 461 3778; x_wconf 81' lang='lat' dir='ltr'><strong>lemi‚blolossorum</strong></span> <span class='ocrx_word' id='word_1_281' title='bbox 473 3711 629 3783; x_wconf 81' lang='lat' dir='ltr'><strong>regis,filia,</strong></span> <span class='ocrx_word' id='word_1_282' title='bbox 639 3711 710 3781; x_wconf 84' lang='lat' dir='ltr'><strong>Myr·</strong></span> <span class='ocrx_word' id='word_1_283' title='bbox 753 3711 903 3765; x_wconf 84' lang='lat' dir='ltr'><strong>Tascuuca.</strong></span> <span class='ocrx_word' id='word_1_284' title='bbox 916 3745 956 3754; x_wconf 89' lang='lat'><em>-</em></span> <span class='ocrx_word' id='word_1_285' title='bbox 972 3713 1071 3765; x_wconf 64' lang='lat' dir='ltr'><strong>aare.</strong></span> <span class='ocrx_word' id='word_1_286' title='bbox 1088 3713 1122 3766; x_wconf 84' lang='lat' dir='ltr'><strong>Ni</strong></span> <span class='ocrx_word' id='word_1_287' title='bbox 1138 3715 1258 3768; x_wconf 84' lang='lat' dir='ltr'><strong>Barsines</strong></span> 
     </span>
     <span class='ocr_line' id='line_1_35' title="bbox 201 3789 1260 3865; baseline 0.002 -20"><span class='ocrx_word' id='word_1_288' title='bbox 201 3793 253 3846; x_wconf 86' lang='lat' dir='ltr'><strong>tale</strong></span> <span class='ocrx_word' id='word_1_289' title='bbox 265 3793 340 3865; x_wconf 87' lang='lat' dir='ltr'><strong>prius</strong></span> <span class='ocrx_word' id='word_1_290' title='bbox 354 3792 494 3864; x_wconf 85' lang='lat' dir='ltr'><strong>appellata,</strong></span> <span class='ocrx_word' id='word_1_291' title='bbox 513 3809 591 3863; x_wconf 86' lang='lat' dir='ltr'><strong>quarn</strong></span> <span class='ocrx_word' id='word_1_292' title='bbox 606 3791 709 3862; x_wconf 90' lang='lat' dir='ltr'><strong>Philip·</strong></span> <span class='ocrx_word' id='word_1_293' title='bbox 752 3789 838 3844; x_wconf 84' lang='lat' dir='ltr'><strong>filium</strong></span> <span class='ocrx_word' id='word_1_294' title='bbox 853 3791 930 3844; x_wconf 88' lang='lat' dir='ltr'><strong>simul</strong></span> <span class='ocrx_word' id='word_1_295' title='bbox 944 3791 988 3844; x_wconf 87' lang='lat' dir='ltr'><strong>hic</strong></span> <span class='ocrx_word' id='word_1_296' title='bbox 1000 3793 1110 3862; x_wconf 75' lang='lat' dir='ltr'><strong>cogites,</strong></span> <span class='ocrx_word' id='word_1_297' title='bbox 1120 3793 1260 3847; x_wconf 82' lang='lat' dir='ltr'><strong>libernsde</strong></span> 
     </span>
     <span class='ocr_line' id='line_1_36' title="bbox 200 3869 1257 3946; baseline 0.001 -20"><span class='ocrx_word' id='word_1_298' title='bbox 200 3891 250 3944; x_wconf 88' lang='lat' dir='ltr'><strong>pus</strong></span> <span class='ocrx_word' id='word_1_299' title='bbox 259 3871 370 3926; x_wconf 86' lang='lat' dir='ltr'><strong>Macedo</strong></span> <span class='ocrx_word' id='word_1_300' title='bbox 380 3889 490 3924; x_wconf 85' lang='lat' dir='ltr'><strong>uxorem</strong></span> <span class='ocrx_word' id='word_1_301' title='bbox 500 3871 608 3935; x_wconf 86' lang='lat' dir='ltr'><strong>babuit,</strong></span> <span class='ocrx_word' id='word_1_302' title='bbox 618 3887 709 3942; x_wconf 79' lang='lat' dir='ltr'><strong>exque</strong></span> <span class='ocrx_word' id='word_1_303' title='bbox 753 3887 807 3922; x_wconf 88' lang='lat' dir='ltr'><strong>unc</strong></span> <span class='ocrx_word' id='word_1_304' title='bbox 821 3871 930 3922; x_wconf 88' lang='lat' dir='ltr'><strong>omnino</strong></span> <span class='ocrx_word' id='word_1_305' title='bbox 945 3869 1025 3935; x_wconf 83' lang='lat' dir='ltr'><strong>dixit,</strong></span> <span class='ocrx_word' id='word_1_306' title='bbox 1039 3873 1078 3923; x_wconf 91' lang='lat' dir='ltr'><strong>uti</strong></span> <span class='ocrx_word' id='word_1_307' title='bbox 1093 3873 1187 3925; x_wconf 84' lang='lat' dir='ltr'><strong>volunt</strong></span> <span class='ocrx_word' id='word_1_308' title='bbox 1200 3893 1257 3946; x_wconf 89' lang='lat' dir='ltr'><strong>sup.</strong></span> 
     </span>
     <span class='ocr_line' id='line_1_37' title="bbox 200 3949 1257 4024; baseline 0.001 -18"><span class='ocrx_word' id='word_1_309' title='bbox 200 3951 378 4006; x_wconf 82' lang='lat' dir='ltr'><strong>Alexandrum</strong></span> <span class='ocrx_word' id='word_1_310' title='bbox 406 3969 531 4024; x_wconf 72' lang='lat' dir='ltr'><strong>magnum</strong></span> <span class='ocrx_word' id='word_1_311' title='bbox 559 3950 708 4022; x_wconf 79' lang='lat' dir='ltr'><strong>progenuit.</strong></span> <span class='ocrx_word' id='word_1_312' title='bbox 752 3949 927 4020; x_wconf 85' lang='lat' dir='ltr'><strong>c.ll.Majori</strong></span> <span class='ocrx_word' id='word_1_313' title='bbox 939 3961 1025 4002; x_wconf 86' lang='lat' dir='ltr'><strong>tamea</strong></span> <span class='ocrx_word' id='word_1_314' title='bbox 1038 3951 1077 4002; x_wconf 92' lang='lat' dir='ltr'><strong>ibi</strong></span> <span class='ocrx_word' id='word_1_315' title='bbox 1092 3952 1148 4002; x_wconf 81' lang='lat' dir='ltr'><strong>veri</strong></span> <span class='ocrx_word' id='word_1_316' title='bbox 1163 3955 1257 4023; x_wconf 82' lang='lat' dir='ltr'><strong>specie.</strong></span> 
     </span>
     <span class='ocr_line' id='line_1_38' title="bbox 200 4025 1257 4101; baseline 0 -17"><span class='ocrx_word' id='word_1_317' title='bbox 200 4030 271 4085; x_wconf 88' lang='lat' dir='ltr'><strong>Vide</strong></span> <span class='ocrx_word' id='word_1_318' title='bbox 283 4033 431 4093; x_wconf 81' lang='lat' dir='ltr'><strong>Iustinum.</strong></span> <span class='ocrx_word' id='word_1_319' title='bbox 443 4032 461 4085; x_wconf 90' lang='lat' dir='ltr'><strong>l.</strong></span> <span class='ocrx_word' id='word_1_320' title='bbox 476 4032 558 4094; x_wconf 79' lang='lat' dir='ltr'><strong>lx,c.</strong></span> <span class='ocrx_word' id='word_1_321' title='bbox 568 4049 595 4101; x_wconf 90' lang='lat'><strong>7,</strong></span> <span class='ocrx_word' id='word_1_322' title='bbox 603 4031 706 4083; x_wconf 85' lang='lat' dir='ltr'><strong>Couar.</strong></span> <span class='ocrx_word' id='word_1_323' title='bbox 751 4030 812 4083; x_wconf 64' lang='grc' dir='ltr'><strong>Τις.</strong></span> <span class='ocrx_word' id='word_1_324' title='bbox 827 4032 906 4099; x_wconf 80' lang='lat' dir='ltr'><strong>Quam</strong></span> <span class='ocrx_word' id='word_1_325' title='bbox 917 4034 1012 4082; x_wconf 77' lang='lat' dir='ltr'><strong>aenium</strong></span> <span class='ocrx_word' id='word_1_326' title='bbox 1021 4035 1043 4082; x_wconf 86' lang='lat' dir='ltr'><strong>si</strong></span> <span class='ocrx_word' id='word_1_327' title='bbox 1051 4031 1099 4082; x_wconf 79' lang='lat' dir='ltr'><strong>sibi</strong></span> <span class='ocrx_word' id='word_1_328' title='bbox 1110 4031 1185 4083; x_wconf 80' lang='lat' dir='ltr'><strong>durat.</strong></span> <span class='ocrx_word' id='word_1_329' title='bbox 1196 4025 1220 4084; x_wconf 85' lang='lat' dir='ltr'><strong>l.</strong></span> <span class='ocrx_word' id='word_1_330' title='bbox 1234 4051 1257 4086; x_wconf 84' lang='lat' dir='ltr'><strong>e.</strong></span> 
     </span>
     <span class='ocr_line' id='line_1_39' title="bbox 200 4109 1258 4184; baseline 0.001 -19"><span class='ocrx_word' id='word_1_331' title='bbox 200 4143 240 4156; x_wconf 89' lang='lat'><strong>-·</strong></span> <span class='ocrx_word' id='word_1_332' title='bbox 257 4113 293 4165; x_wconf 84' lang='lat' dir='ltr'><strong>Et</strong></span> <span class='ocrx_word' id='word_1_333' title='bbox 300 4123 443 4184; x_wconf 59' lang='lat' dir='ltr'><strong>aptaret.</strong></span> <span class='ocrx_word' id='word_1_334' title='bbox 459 4111 540 4164; x_wconf 86' lang='lat' dir='ltr'><strong>Paulo</strong></span> <span class='ocrx_word' id='word_1_335' title='bbox 555 4111 632 4163; x_wconf 85' lang='lat' dir='ltr'><strong>aliter</strong></span> <span class='ocrx_word' id='word_1_336' title='bbox 647 4109 710 4160; x_wconf 87' lang='lat' dir='ltr'><strong>Dio·</strong></span> <span class='ocrx_word' id='word_1_337' title='bbox 751 4109 772 4162; x_wconf 84' lang='lat' dir='ltr'><strong>si</strong></span> <span class='ocrx_word' id='word_1_338' title='bbox 782 4110 924 4164; x_wconf 80' lang='lat' dir='ltr'><strong>annuisset.</strong></span> <span class='ocrx_word' id='word_1_339' title='bbox 932 4111 1071 4164; x_wconf 77' lang='lat' dir='ltr'><strong>lta‘l&#39;bem.</strong></span> <span class='ocrx_word' id='word_1_340' title='bbox 1079 4111 1258 4178; x_wconf 65' lang='lat' dir='ltr'><strong>luperam.</strong></span> 
     </span>
    </p>
   </div>
   <div class='ocr_carea' id='block_1_5' title="bbox 1030 4215 1073 4288">
    <p class='ocr_par' dir='ltr' id='par_1_6' title="bbox 1030 4215 1073 4288">
     <span class='ocr_line' id='line_1_40' title="bbox 1030 4215 1073 4288; baseline -0.023 0"><span class='ocrx_word' id='word_1_341' title='bbox 1030 4215 1073 4288; x_wconf 87' lang='lat'><strong>13</strong></span> 
     </span>
    </p>
   </div>
   <div class='ocr_carea' id='block_1_6' title="bbox 0 0 1646 5150">
    <p class='ocr_par' dir='ltr' id='par_1_7' title="bbox 0 0 1646 5150">
     <span class='ocr_line' id='line_1_41' title="bbox 0 0 1646 5150; baseline 0 3"><span class='ocrx_word' id='word_1_342' title='bbox 0 0 1646 5150; x_wconf 95' lang='lat' dir='ltr'><strong> </strong></span> 
     </span>
    </p>
   </div>
  </div>
 </body>
</html>
