3200 5120
491 491 557 558 ET
584 491 826 559 JUDICIA.
867 581 869 586 Ι
1124 519 1185 566 arx

176 621 243 692 Sed
266 622 361 690 aiunt
380 618 523 690 editores
542 645 550 688 ε
572 622 693 690 Evenit
713 621 778 692 hoc
799 621 1032 718 chronologia,
1055 623 1089 692 in
1109 627 1186 696 vitis

123 730 195 800 istis
216 726 409 798 ordinandis
427 740 574 812 servata,
594 741 632 796 ut
654 728 813 798 Datames
839 753 915 798 eum
933 728 1045 812 locum¹
1063 730 1187 804 obtine

123 850 186 906 ret.
199 833 318 904 Audio.
333 836 377 902 At
393 857 482 902 nunc
502 857 633 926 quaero:
650 833 749 904 Unde
763 835 858 904 nohis
873 835 935 905 ista
945 835 988 905 ad
1006 836 1186 908 chronolo-

122 944 186 1036 giae
204 939 295 1036 leges
314 939 401 1010 lacta
420 941 564 1009 vitarum
580 937 765 1010 ordinatio?
783 943 887 1010 Estne
903 941 946 1012 ab
963 957 1099 1013 auctore
1114 946 1186 1039 ipso

121 1045 295 1118 instituta?
306 1046 416 1134 Quid,
428 1048 455 1115 si
465 1045 530 1116 hoc
542 1069 662 1141 negare
674 1045 800 1116 ausim?
816 1047 925 1136 Quid,
939 1049 965 1118 si
981 1049 1067 1118 hanc
1081 1074 1185 1144 nega-

122 1157 249 1224 tionem
270 1154 492 1248 argumentis,
505 1177 547 1222 ex
566 1153 667 1248 ipsius
688 1154 797 1248 operis
817 1153 1081 1225 conformatione
1099 1157 1186 1251 peti-

123 1263 182 1350 tis,
200 1259 370 1330 adstruam
383 1273 482 1352 atque
496 1258 699 1328 sustineam?
718 1261 805 1354 Age,
823 1260 888 1330 hoc
906 1258 1131 1356 experiamur!

177 1369 265 1438 Cum
288 1379 445 1436 accurato
466 1379 501 1434 et
522 1366 633 1435 sobrio
660 1367 820 1460 scriptore
839 1391 892 1436 res
916 1367 1011 1437 nohis
1029 1381 1087 1438 est.
1109 1371 1187 1437 Non

127 1472 208 1544 solet
220 1471 295 1542 talis
304 1474 339 1540 in
348 1472 562 1541 adornatione
579 1472 724 1565 partium
740 1473 836 1540 unius
847 1487 946 1567 atque
960 1472 1106 1567 ejusdem
1121 1474 1187 1544 his·

128 1580 222 1648 torici
237 1581 349 1673 operis
366 1603 387 1646 a
404 1579 502 1672 genio
519 1579 620 1647 totius
639 1577 830 1665 deflectere,
847 1592 882 1647 et
895 1603 1007 1649 secum
1026 1604 1184 1674 pugnare.

127 1686 205 1775 Quo
227 1686 309 1755 vitio
329 1684 383 1754 hic
409 1683 492 1754 liber
512 1709 551 1753 ex
575 1698 707 1777 recepta
727 1685 871 1753 vitarum
892 1685 1098 1754 ordinatione
1116 1687 1185 1755 sine

125 1793 228 1862 dubio
237 1791 382 1880 laborat,
393 1806 430 1859 ut
442 1790 565 1860 mirum
577 1792 634 1878 sit,
645 1791 812 1858 neminem
827 1789 990 1860 editorum
1001 1791 1066 1862 hoc
1076 1791 1185 1862 adhuc

125 1900 203 1968 satis
220 1897 499 1968 animadvertisse.
516 1896 825 1985 Consideremus,si
839 1896 1062 1993 placet,illam
1078 1899 1187 1992 operis

126 2003 339 2100 particulam,
350 2027 423 2097 quse
434 2003 568 2073 inscribi
580 2001 664 2072 solet
673 2001 717 2072 de
731 2003 889 2098 Regibus.
898 2003 1008 2093 Quem
1022 2004 1188 2091 ordinem,

127 2137 255 2206 quaeso,
268 2115 303 2180 in
317 2109 524 2181 recensendis
539 2109 671 2204 regibus
685 2123 802 2178 auctor
817 2111 872 2181 hic
889 2109 1050 2180 instituit?
1068 2112 1188 2182 Nonne

128 2217 277 2288 ridemus
296 2217 389 2286 illum
404 2229 533 2285 certum
552 2215 728 2310 quemdam
745 2221 897 2310 genuum
911 2215 1059 2286 ordinem
1079 2218 1190 2311 sequi,

127 2340 226 2419 atque
257 2327 304 2393 ita
332 2321 534 2417 singularum
565 2324 713 2416 gentium
739 2323 891 2394 eximios'
910 2347 1004 2417 reges
1030 2339 1192 2418 perpetua

128 2433 209 2500 serie
233 2431 406 2524 prosequi,
429 2427 520 2498 nulla
543 2453 583 2497 ex
608 2427 678 2496 aliis
699 2430 931 2523 permixtione
947 2428 1114 2500 admissa?
1138 2431 1192 2498 Sic

127 2539 226 2632 igiurr
248 2539 396 2632 gentium
416 2537 523 2630 p'rima
543 2533 589 2604 illi
610 2547 815 2603 memoratur
835 2540 1050 2623 Persarum
1069 2561 1108 2605 ex
1129 2536 1193 2605 hac

129 2668 222 2738 reges
257 2667 325 2711 una
355 2643 438 2711 serie
472 2641 651 2735 producit,
677 2643 823 2735 Cyrum,
853 2643 994 2710 Darium
1022 2643 1193 2736 Hystaspis

128 2748 261 2837 filium,
298 2751 467 2834 Xerxem,
494 2749 709 2816 Artaxerxem
745 2747 799 2816 cui
834 2760 906 2815 erat
936 2763 1193 2840 cognomentum
1269 2775 1274 2788 ·

127 2855 335 2940 Macrochir,
362 2869 396 2924 ct
423 2855 639 2924 Artaxerxem
665 2853 864 2948 cognomine
890 2853 1083 2922 Mnemona.
1109 2855 1194 2920 Tum

127 2963 276 3056 sequitur
296 2987 377 3056 gens
395 2960 648 3046 Macedonum
670 2985 712 3030 ex
726 2983 829 3055 eaque
842 2961 1001 3030 continuo
1022 2957 1194 3053 Philippus

128 3093 203 3156 rex,
222 3069 374 3162 Amyntae
389 3065 491 3155 filius,
508 3081 542 3136 et
560 3065 744 3136 Alexander
760 3067 914 3161 Magnus.
931 3065 1062 3136 Deinde
1081 3089 1192 3136 succe·

127 3175 175 3244 dit
195 3199 276 3269 gens
292 3177 531 3269 Epirotarum,
550 3187 584 3242 et
605 3197 646 3241 ex
665 3195 704 3242 ea
722 3197 781 3242 rex
798 3172 954 3266 Pyrrhus.
976 3175 1094 3242 Postea
1112 3196 1192 3268 gens

129 3283 266 3367 Sa'cula,
284 3305 326 3349 ex
343 3303 409 3373 qua
425 3280 520 3350 nohis
538 3279 692 3398 producit
711 3280 907 3373 Dionysium
929 3280 1084 3374 priorem.
1106 3281 1193 3348 Tum

128 3387 269 3507 denique
300 3387 432 3480 attingit
461 3386 636 3480 separatim
660 3409 766 3456 nouos
791 3386 869 3454 illos
898 3411 995 3480 reges
1021 3385 1126 3456 factos
1151 3410 1192 3454 ex

127 3495 241 3562 amicis
255 3507 290 3562 et
307 3491 469 3587 prefectis
486 3491 663 3562 Alexandri
681 3492 812 3587 Magni,
825 3493 1049 3587 Antigonum,
1067 3493 1190 3561 Deme-

127 3601 245 3686 trium,
270 3599 522 3693 Lysimachum,
551 3598 742 3686 Seleucum,
769 3596 994 3668 Ptolemaeum.
1024 3601 1068 3666 At
1101 3621 1190 3667 nunc

129 3703 297 3800 paululum
330 3703 444 3776 oculos
471 3720 705 3774 convertamus
733 3703 777 3775 ad
802 3706 919 3774 seriem
951 3706 1188 3798 imperatorum

129 3815 348 3898 Graecorum,
373 3835 456 3905 quos
486 3811 656 3906 hucusque
680 3837 714 3880 se
745 3812 792 3879 ait
816 3825 1033 3905 pertractasse
1061 3823 1186 3878 auctor.

128 3917 197 4006 lhi,
213 3943 317 4013 quum
339 3943 475 4012 proruis
497 3917 577 3987 nihil
597 3915 802 3988 difficultatis
822 3917 1019 4011 reperiatur,
1040 3935 1107 4008 qaro
1125 3916 1187 3984 rni-

127 4049 190 4094 nus
211 4023 309 4094 simili
329 4025 456 4094 ratione
477 4037 594 4094 auctor
614 4021 817 4119 singrdarum
838 4021 1186 4110 encaeniatum,

124 4131 211 4198 inter
231 4157 265 4202 se
283 4145 531 4225 separatarum,
550 4129 652 4201 duces
670 4128 866 4202 excellentes
884 4143 1046 4223 perpetuo
1069 4127 1185 4200 ordine
