3282 5156
410 494 485 568 290
680 466 948 535 CORNELII
976 467 1208 536 NEPOTIS

460 604 507 670 M.
530 597 674 670 Manlius
700 601 834 684 Romae,
855 598 912 691 qui
933 595 1046 666 Gallos
1070 600 1104 666 in
1125 597 1294 668 obsidione
1314 601 1467 695 Capitolii

406 708 601 801 obrepentes
623 703 802 800 perardua
823 702 1011 796 depulerat,
1032 705 1204 774 convictus
1224 717 1274 774 est
1292 706 1464 776 eonsilium

404 813 446 883 de
477 838 580 908 regno
616 809 810 906 occupando
840 811 977 896 iniisse,
1007 809 1247 906 damnatusque
1276 813 1464 908 capitis,e.

404 943 483 990 saxo
509 919 672 1014 Tarpeio,
693 931 731 986 ut
757 917 804 984 M.
826 918 936 986 Varro
954 917 1020 1003 uit,
1042 941 1189 1011 praeceps
1212 917 1309 986 datus
1327 933 1405 1006 est;
1426 933 1464 988 ut

403 1025 577 1096 Cornelius
611 1038 720 1094 autem
747 1025 860 1117 Nepos
891 1023 1049 1117 scriptum
1080 1022 1225 1116 reliquit,
1255 1025 1464 1106 verberando

401 1145 536 1201 necatus
560 1145 618 1200 est.
642 1131 793 1216 Gellius,
817 1127 896 1197 ibid.
917 1153 950 1196 n.
976 1131 1034 1214 oli.

453 1236 639 1307 Alexander
665 1238 808 1330 Magnus
837 1231 932 1303 Pellae
960 1221 1103 1320 oritur⁴,
1135 1248 1173 1302 ut
1197 1235 1311 1329 Nepos
1336 1236 1461 1324 edidit,

401 1347 448 1413 Μ.
463 1344 565 1414 Fabio
581 1343 758 1428 Ambusto,
776 1342 851 1410 Tito
870 1340 1028 1428 Quinctio
1050 1338 1239 1434 Capitolino
1255 1341 1368 1426 Coss,
1387 1359 1463 1437 post

399 1452 541 1519 Romam
563 1448 729 1519 conditam
751 1471 840 1515 anno
859 1448 1089 1516 trecentesimo
1112 1447 1313 1541 octogesimo
1333 1451 1460 1542 quinto.

401 1557 506 1627 Solio.
530 1555 692 1648 Polydust.
712 1579 740 1622 c.
763 1555 834 1623 XL.

451 1665 486 1730 P.
508 1645 700 1730 Terentius⁵
723 1660 864 1727 maxime
886 1656 1087 1727 familiariter
1108 1659 1187 1727 vixit
1209 1683 1284 1728 cum
1306 1661 1460 1753 Scipione

398 1767 572 1850 Africano,
591 1781 625 1836 et
642 1769 679 1836 C.
704 1763 824 1850 Laelio,
853 1779 928 1851 etc,
960 1767 1110 1858 quarnvis
1140 1763 1315 1836 Cornelius
1345 1767 1460 1861 Nepos

396 1871 537 1967 equales
553 1872 652 1944 fuisse
670 1871 787 1941 tradat.
807 1873 984 1958 Donatus,
1005 1876 1041 1940 in
1060 1876 1130 1940 vz'ta
1146 1874 1299 1940 Terentii.

646 2074 930 2158 CORNELII
958 2077 1212 2158 NEPOTIS

689 2271 995 2325 EXEMPLORUM
1017 2271 1098 2326 LIB.
1120 2273 1161 2326 11.

450 2437 492 2504 ΙΙ.
511 2433 678 2527 Avirgine
692 2429 852 2500 Vestale¹.
877 2434 1055 2526 Sosipater
1070 2432 1259 2519 Clonus,
1271 2433 1329 2503 lib.
1343 2440 1372 2521 I,
1390 2439 1456 2505 col.

403 2565 483 2636 ¹19·
506 2539 641 2610 Pntsciz.
743 2583 745 2588 -

850 2667 930 2712 usn.
958 2667 991 2712 v.

450 2819 624 2892 Cornelius
637 2821 749 2913 Nepos
767 2819 801 2886 in
814 2785 897 2889 libro
913 2817 1137 2913 exemplorum
1153 2823 1268 2914 quinto
1279 2817 1313 2891 id
1323 2849 1455 2919 quoque

397 2929 512 2998 litteris
533 2925 724 3009 mandavit,
743 2923 853 2994 multis
878 2927 913 2992 in
933 2940 1046 2994 senatu
1068 2925 1250 3019 placuisse,
1272 2944 1310 2997 ut
1329 2933 1375 3016 ii,
1396 2934 1454 3024 qui

398 3035 503 3104 redire
527 3031 669 3116 nollent,
687 3029 770 3100 datis
792 3031 981 3101 custodibus
1007 3030 1048 3100 ad
1072 3034 1290 3103 Hannibalem
1312 3035 1453 3106 deduce·

439 3233 465 3288 4.
487 3223 562 3274 Paua
576 3225 662 3272 oritur.
676 3219 904 3288 llichurenalis,
990 3221 1015 3274 5.
1039 3223 1169 3275 Terentius.
1192 3225 1362 3280 comicorum
1381 3227 1454 3282 Lati-

401 3305 442 3366 X,
462 3303 532 3356 168:
947 3319 1045 3354 norum
1060 3303 1196 3375 princeps,
1208 3305 1397 3372 nationeAler,
1409 3327 1455 3380 ps-

426 3379 483 3419 Uns·
494 3377 642 3430 remotioni
653 3391 693 3416 ¹⁰¹¹
705 3375 844 3415 ⁰2¹⁶⁰¹¹⁰fl²lt
947 3380 998 3432 tria
1016 3381 1245 3455 Carthaginiensis.
1260 3385 1330 3440 Vide
1346 3387 1401 3442 Cic.
1423 3391 1454 3444 iu

400 3493 436 3506 ...
450 3461 525 3514 Anno
543 3461 775 3518 trecentensimus.
795 3459 830 3510 At
844 3477 905 3512 con·
947 3461 1043 3526 Laelio,
1060 3463 1106 3516 ubi
1121 3463 1275 3518 Terentium
1297 3468 1454 3524 familiarem

399 3543 468 3595 soles
475 3539 514 3592 illi
524 3537 632 3590 luerunt
640 3540 672 3590 Α.
681 3536 715 3589 U.
732 3537 800 3602 sot,
810 3537 903 3592 Caton.
947 3559 1024 3594 suum
1039 3556 1114 3595 vocat
1136 3543 1240 3598 Lnlius.
1260 3575 1299 3588 -
1322 3545 1453 3622 AEqnales.

400 3622 442 3676 Cl.
454 3618 656 3684 Livium‚v11‚
675 3621 717 3672 18.
731 3617 789 3670 lmo
802 3618 849 3670 illo
858 3637 904 3670 an·
947 3621 1019 3686 Quin
1041 3622 1130 3692 potius
1147 3637 1262 3696 utroque
1285 3629 1368 3698 major
1386 3643 1453 3684 natu

401 3700 502 3772 no,qui
509 3699 552 3752 bic
560 3699 640 3769 vulgo
647 3710 767 3762 notatur,
778 3698 845 3750 nulli
851 3697 905 3752 loe·
947 3699 1094 3756 Terentius.
1106 3703 1146 3758 Ne
1153 3703 1249 3774 igitur,
1263 3723 1324 3758 cum
1332 3707 1391 3760 rite
1401 3709 1453 3762 Te·

399 3793 462 3836 runt
471 3779 603 3843 consules,
617 3775 663 3832 sed
675 3777 776 3830 tribuni
790 3776 905 3830 militum
946 3781 1026 3832 rentii
1040 3794 1160 3848 anctore,
1175 3781 1209 3836 de
1223 3781 1317 3838 eodem
1332 3789 1453 3842 nativita-

399 3860 530 3914 oonsulari
548 3871 685 3930 potestate.
701 3857 783 3910 Error
799 3857 904 3912 ridetur
947 3859 980 3918 tis
996 3879 1065 3914 anno
1080 3861 1195 3916 strictius
1207 3864 1342 3936 intelligas

400 3959 454 3996 esse
469 3939 553 3994 Solini
568 3939 636 3992 male
651 3937 831 3992 describentis.
846 3938 905 3990 ste·
988 3940 1053 3993 Cir.
1078 3941 1114 3994 II.
1139 3960 1162 3996 r.
1184 3943 1289 3998 Vestale.
1318 3947 1373 4012 Ita,
1394 3965 1452 4002 nou

401 4018 498 4074 nuder
505 4031 593 4072 autern
600 4017 679 4088 vulgo
686 4036 755 4072 auno
762 4015 902 4072 urbcoud.
948 4019 1044 4072 Vestali
1055 4039 1115 4074 cum
1126 4021 1269 4079 Wetaelio.
1279 4025 1380 4098 Nempe
1391 4025 1451 4080 ideo

404 4101 458 4169 390
471 4113 548 4152 uatus
562 4097 687 4152 creditur.
700 4099 850 4152 Tasouuca.
947 4099 999 4154 boc
1020 4101 1170 4174 exemplum
1191 4105 1278 4158 attulit
1300 4105 1452 4170 Charisius,
