3246 5134
422 473 490 548 132
681 470 946 541 CORNELII
972 471 1200 540 NEPOTIS

415 609 468 675 Fit
486 605 698 675 Menestheus
711 616 848 697 pretor,
866 600 952 670 lilius
966 601 1155 694 Iphicratis,
1174 625 1274 696 gener
1291 605 1472 694 Timothei,

415 727 463 800 et,
484 725 522 780 ut
539 711 581 780 ad
602 709 723 779 hellam
745 706 987 802 proficiscatur,
1010 706 1207 778 decernitur.
1230 709 1316 778 Huic
1333 711 1367 777 in
1386 725 1469 780 oon·

414 817 522 888 silium
543 818 664 886 dantur
684 813 751 882 duo
776 835 839 881 usu
860 827 894 882 et
916 815 1075 911 sapientia
1096 827 1304 908 prestantes,
1327 837 1470 910 quanm

413 921 549 994 consilio
567 933 729 1004 uteretur,
750 933 893 1014 pateret
912 915 1043 987 socer³:
1058 918 1147 1012 quod
1168 919 1202 986 in
1219 919 1270 988 his
1292 935 1383 990 tanta
1398 939 1468 992 erat

413 1030 606 1115 auctoritas,
624 1041 662 1110 ut
674 1031 794 1119 magna
811 1049 884 1118 spes
899 1035 1000 1112 esset,
1014 1047 1074 1118 per
1090 1047 1146 1093 eos
1167 1027 1284 1094 amissa
1304 1043 1401 1121 posse
1421 1045 1468 1098 re

413 1136 573 1229 cuperari.
595 1133 639 1201 Ili
666 1154 768 1226 qrturn
789 1115 945 1199 Samum³
968 1129 1106 1224 proiecti
1132 1144 1259 1218 essent,
1287 1145 1320 1200 et
1349 1133 1466 1204 eodem

412 1239 554 1328 Chares,
580 1237 722 1310 adventu
743 1259 857 1306 eorum
881 1237 1029 1330 cognito,
1051 1259 1128 1304 cum
1155 1237 1221 1305 suis
1242 1239 1344 1331 copiis
1364 1239 1466 1332 proli-

412 1347 606 1430 cisceretur,
619 1368 661 1412 ne
679 1339 757 1436 quid
776 1341 909 1412 ahsente
925 1365 960 1409 se
978 1354 1106 1436 gestum
1120 1340 1287 1411 videretur
1303 1368 1313 1431 3
1328 1344 1466 1432 accidit,

410 1478 513 1547 qirum
532 1449 575 1519 ad
604 1447 744 1518 insulam
772 1449 1065 1542 appropinquaret,
1086 1460 1123 1516 ut
1148 1469 1268 1542 magna
1289 1463 1466 1544 tempestas

410 1559 560 1627 oriretur.
580 1555 691 1644 Quam
709 1553 833 1622 evitare
853 1553 920 1621 duo
942 1567 1068 1622 veteres
1085 1554 1299 1646 imperatores
1316 1553 1395 1623 utile
1413 1580 1464 1624 ar·

409 1661 535 1750 hitrati,
556 1683 648 1729 suam
667 1657 802 1728 classem
822 1645 1106 1754 suppresserunt⁴.
1126 1660 1171 1726 At
1188 1644 1274 1745 ille⁵,
1292 1663 1463 1730 temeraria

408 1791 487 1836 usus
505 1768 649 1850 ratione,
665 1789 732 1832 non
751 1763 854 1832 cessit
864 1765 1025 1857 majorum
1043 1777 1123 1832 natu
1138 1766 1322 1834 auctoritati
1337 1819 1346 1853 ,
1359 1781 1408 1854 et,
1426 1782 1464 1836 ut

408 1876 442 1942 in
458 1894 517 1941 sua
538 1873 613 1940 navi
633 1885 718 1950 esset
738 1867 887 1955 fortuna,
899 1893 967 1962 quo
985 1867 1215 1957 contenderat,
1229 1873 1395 1964 pervenit3
1413 1897 1464 1942 eo

409 1979 549 2072 demque
575 1991 613 2045 ut
639 1987 868 2069 sequerentur,
901 1975 943 2044 ad
972 1975 1182 2044 Timotheum
1204 1989 1238 2044 et
1260 1977 1458 2071 Iphicratem

408 2085 560 2152 nuntium
580 2083 677 2150 misit.
696 2081 799 2166 Hinc,
815 2077 900 2148 male
918 2105 953 2148 re
969 2093 1078 2176 gesta,
1094 2077 1317 2175 compluribus
1335 2086 1459 2154 amissis

409 2190 564 2275 navibus,
577 2186 709 2270 eodem,
725 2186 811 2254 unde
829 2199 900 2254 erat
917 2184 1100 2282 profectus,
1122 2210 1156 2256 sc
1176 2187 1312 2281 recepit,
1325 2185 1459 2260 litteras·

407 2319 471 2390 que
492 2294 637 2363 Athenas
661 2291 792 2388 publice
810 2292 911 2379 misit,
931 2291 990 2360 sibi
1012 2275 1180 2385 proclive⁶
1201 2293 1300 2362 fuisse
1324 2296 1458 2364 Samum

407 2425 540 2496 capere,
558 2399 620 2467 nisi
641 2422 660 2466 a
683 2396 856 2468 Timotheo
878 2411 911 2465 ct
930 2397 1098 2491 Iphicrate
1120 2395 1266 2467 desertus
1285 2414 1377 2468 essct.
1403 2399 1457 2470 Oh

406 2531 479 2576 eam
501 2530 571 2574 rem
592 2505 626 2572 in
648 2505 772 2573 crimen
787 2503 1010 2586 vocabantur;
1028 2502 1169 2598 populus
1182 2529 1272 2588 acer,
1292 2507 1457 2601 suspicax,

405 2609 553 2690 mobilis,
568 2609 791 2696 adversarius,
803 2607 934 2677 invidus
948 2611 1047 2677 etiam
1065 2613 1237 2702 potentiae,
1255 2609 1391 2680 domum
1408 2637 1457 2682 oe-
1526 2679 1533 2692 ‚

385 2731 503 2788 vuocat
529 2741 537 2784 ε
563 2729 759 2787 accusantur
782 2713 983 2809 proditionis.
1012 2717 1085 2784 Ilcc
1105 2713 1248 2809 judicio⁷
1283 2716 1458 2788 damnatur

405 2945 473 3000 nihil
493 2963 548 3017 pra
562 2943 646 2996 milite
664 2941 757 3012 quovis
777 2939 910 3012 egreglum
952 2957 1013 3005 aas,
1022 2939 1074 2993 alio
1083 2952 1200 3011 tempore
1206 2952 1276 3011 gesta
1285 2943 1452 2998 suculam.

404 3025 513 3078 hahens.
525 3023 630 3074 Bosana
640 3019 711 3072 Vide
718 3017 910 3085 nicamxvt,
992 3026 1018 3083 4.
1045 3019 1119 3072 Suara
1145 3019 1244 3072 classem
1269 3035 1452 3092 suppresserant.

407 3105 460 3170 855
474 3115 500 3155 et
513 3119 593 3172 supra
607 3098 867 3164 Chabria,111,not.
881 3101 907 3151 6.
951 3097 1054 3151 Scilicet
1069 3115 1084 3150 a
1098 3117 1177 3152 cassu
1191 3114 1379 3171 rqsreneruat.

446 3177 909 3247 aflatctneaasttameapaureno-
992 3177 1019 3230 ⁵.
1031 3176 1071 3229 Ae
1084 3178 1131 3230 aa.
1146 3179 1245 3232 Chares
1256 3179 1366 3234 scilicet.
1387 3180 1451 3234 Dic-

406 3280 451 3314 csr.
464 3257 497 3312 Id
509 3271 560 3324 eat,
573 3257 670 3310 Inveni
685 3255 838 3309 Menestheo
853 3253 908 3308 duo
950 3255 1031 3309 dorus
1044 3257 1131 3323 enisa,
1142 3257 1224 3323 xvt,
1235 3277 1267 3311 aa
1277 3294 1286 3322 ,
1296 3259 1353 3312 hnc
1363 3262 1451 3314 omnia

404 3339 456 3394 siri
466 3337 624 3408 experientia
641 3353 671 3388 ac
685 3333 824 3407 prnslentis
840 3353 907 3406 prse-
949 3353 965 3388 a
975 3335 1088 3388 Charete
1106 3336 1171 3390 lacta
1183 3338 1283 3391 scribit.
1293 3367 1333 3382 --
1343 3340 1451 3392 Tm

405 3429 582 3481 stantes,eum
592 3416 645 3468 suis
653 3413 768 3467 consiliis
778 3411 907 3484 adjuturi,
949 3419 1054 3468 risam
1076 3420 1175 3469 missas.
1196 3417 1307 3469 Temese
1319 3417 1382 3488 egit.
1401 3419 1449 3474 Ilia

405 3495 517 3559 dachar,
525 3495 669 3566 Iphicrates
678 3493 776 3547 scillcet
784 3506 810 3546 et
818 3493 907 3546 Timo·
948 3494 1019 3548 enim
1029 3494 1097 3548 ratio
1111 3514 1162 3566 pro
1174 3493 1257 3548 modo
1266 3495 1361 3568 agendi
1373 3515 1450 3551 aaar-

403 3577 489 3631 tlaatrs.
504 3574 560 3628 MS.
573 3573 680 3626 Boecler.
693 3574 724 3626 In
737 3574 842 3625 consilia
948 3587 1079 3644 patnr.-
1089 3574 1160 3626 Utin
1173 3595 1217 3628 sas
1230 3580 1287 3628 nasi
1300 3579 1448 3643 essatfsrta·

445 3658 470 3710 3.
484 3655 522 3708 Hi
530 3673 600 3727 quana
609 3651 705 3706 ὃαηιιωι
710 3653 813 3722 profecti
822 3663 903 3704 uam.
948 3671 988 3704 na.
1003 3653 1102 3706 Notata
1111 3653 1180 3708 illud
1190 3655 1298 3709 Cassiis
1310 3653 1343 3708 ad
1353 3671 1451 3726 passa·

402 3733 482 3790 Diod.
501 3733 551 3787 Sic.
567 3733 649 3798 XVI,
664 3750 712 3797 ar,
728 3749 783 3784 non
802 3731 904 3783 Menas·
947 3743 1000 3784 tem
1014 3733 1266 3787 oecumenem
1271 3735 1323 3803 sara
1338 3745 1363 3786 et
1369 3737 1449 3802 ,form

400 3816 492 3870 theam
504 3832 565 3867 cnm
578 3811 711 3884 Iphicrate
723 3822 750 3862 et
763 3809 905 3863 Timotheo
947 3831 1002 3862 nan
1012 3814 1071 3882 ψει.
1082 3811 1135 3864 atii
1145 3823 1172 3866 aa
1183 3815 1206 3865 aa·
1219 3817 1243 3866 s'a
1256 3831 1337 3868 saa...
1347 3815 1447 3886 legant

400 3895 474 3949 classi
496 3893 650 3964 pisanae,
673 3888 720 3944 sesl
746 3889 905 3962 Iphicraten
987 3891 1138 3946 §.Pr-aeliae.
1150 3893 1231 3946 Tacen
1246 3893 1329 3946 lacile.
1344 3895 1384 3947 lta
1395 3895 1448 3948 Css·

401 3987 427 4027 et
442 3974 600 4036 Chsretema
614 3989 702 4044 neqne
715 3969 904 4033 illosSsmsm,
946 3987 1005 4036 sar,
1018 3967 1127 4024 deBell.
1143 3971 1242 4038 crea,-
1257 3971 1293 4037 48
1304 3989 1311 4025 2
1323 3973 1447 4040 «Quibus

400 4051 446 4106 sed
463 4052 620 4124 Byzantium
635 4067 797 4122 oppugnasse
808 4045 904 4112 tradita
947 4062 1001 4102 erat
1011 4050 1115 4120 praellae
1127 4059 1261 4105 trmaame
1275 4050 1383 4106 flamen.
1394 4079 1406 4101 s

401 4131 452 4184 nisi
468 4131 552 4194 laste,
568 4147 626 4202 quse
644 4129 682 4184 ihi
698 4141 787 4182 namt
803 4125 903 4180 Diodo-
987 4147 1013 4196 7.
1031 4129 1183 4198 Hasjudr'es'o
1198 4131 1333 4190 omar.
1350 4134 1448 4186 Aristo-

608 4323 615 4364 l
