3200 5120
390 497 473 546 xm
754 473 1089 542 TESTIMONIA
1116 543 1118 554 ,

390 605 442 674 vel
460 607 513 700 jus
529 605 704 674 tribunitiae
722 605 911 699 potestatis,
929 601 981 671 vel
1002 603 1232 672 auctoritatem
1255 618 1405 690 senatus,
1421 619 1456 673 et

390 709 479 806 leges
509 714 676 805 antiquas,
698 725 731 780 et
756 734 883 779 morem
906 710 1068 802 majorum
1097 707 1312 796 defendente,
1337 709 1454 804 populi

392 814 541 886 libertate
568 816 709 910 denique
730 816 879 886 nondum
892 839 1038 910 prorsus
1059 838 1233 908 oppressa,
1254 813 1355 883 libere
1376 817 1454 909 qui-

392 922 467 992 dem
490 923 561 992 baec
578 922 748 1009 dicuntur,
767 921 824 990 sed
846 945 953 1013 neque
975 921 1216 1014 imprudenter,
1234 935 1268 989 et
1281 922 1350 989 sine
1366 922 1455 1015 peri·

393 1028 477 1097 culo.
497 1031 537 1116 In
553 1027 759 1122 Thrasybulo
778 1019 904 1114 (VIII,
924 1053 964 1114 2,
983 1019 1115 1115 d,)sic
1136 1052 1144 1094 ε
1171 1055 1188 1090 u
1205 1029 1322 1120 Neque
1343 1041 1456 1095 tamen

392 1158 454 1228 pro
472 1135 626 1228 opinione
648 1131 843 1227 Thrasybuli
865 1146 969 1202 auctae
987 1147 1064 1200 sunt
1080 1157 1179 1226 opes;
1199 1155 1275 1201 nam
1290 1133 1358 1224 jam
1382 1147 1455 1201 turn

392 1239 453 1309 illis
478 1241 682 1335 temporibus
704 1239 820 1307 fortius
847 1238 926 1306 boni
954 1262 1014 1331 pro
1043 1236 1192 1306 libertate
1214 1237 1457 1332 loquebantur,

390 1370 489 1439 quiam
508 1347 710 1440 pugnabant.
724 1373 742 1409 u
759 1343 930 1436 Significat
944 1358 1060 1412 auctor
1079 1344 1177 1436 hujus
1198 1342 1288 1426 libri,
1303 1344 1457 1413 homines

392 1453 489 1519 etiam
508 1450 712 1545 temporibus
734 1447 814 1536 illis,
833 1447 952 1542 quibus
974 1451 1055 1517 vixit
1070 1448 1314 1541 Thrasybulus,
1335 1473 1456 1542 quern-

391 1555 570 1624 admodum
601 1557 691 1638 suis,
716 1557 898 1650 paratiores
928 1555 969 1624 ad
995 1554 1233 1625 defendendam
1270 1554 1456 1624 libertatern

394 1661 493 1730 fuisse
510 1661 641 1742 verbis,
659 1685 759 1755 quam
782 1661 884 1730 factis.
906 1663 957 1730 Ex
974 1683 1040 1753 quo
1061 1659 1241 1755 intelligere
1262 1659 1357 1747 licet,
1378 1686 1456 1730 eum

393 1765 536 1834 libertati
558 1767 695 1853 favisse,
714 1782 782 1835 eta
799 1768 947 1861 potentia
967 1766 1123 1860 singulari
1146 1768 1290 1834 animum
1311 1765 1457 1834 alienum

393 1873 567 1940 habuisse:
586 1872 676 1966 quod
694 1872 791 1968 longe
810 1897 903 1942 secus
923 1887 1026 1959 esset,
1040 1874 1067 1942 si
1081 1872 1261 1942 Theodosii
1281 1886 1377 1942 etate
1395 1872 1457 1942 flo-

394 1980 519 2047 ruisset.
528 1978 649 2048 Videat
663 1977 766 2048 lector
783 1993 817 2046 et
830 2003 903 2072 quae
918 1977 960 2047 ad
978 1978 1068 2047 hunc
1082 1977 1192 2048 locum
1213 1979 1455 2048 annotavimus.

394 2087 435 2152 In
457 2085 567 2152 Dione
590 2079 667 2174 (X,
686 2107 733 2179 9,
758 2074 822 2172 5,)
844 2087 918 2153 sic:
945 2113 962 2148 u
978 2085 1059 2170 Hic,
1080 2085 1164 2154 sicut
1185 2097 1261 2152 ante
1281 2109 1366 2179 saepe
1386 2083 1457 2152 dic·
1511 2148 1514 2153 .

395 2204 466 2260 tum
484 2205 551 2279 cst,
563 2216 662 2284 quam
681 2191 784 2260 invisa
800 2191 841 2259 sit
859 2188 1030 2284 singularis
1044 2191 1208 2284 potentia,
1224 2205 1256 2258 et
1271 2189 1459 2259 miseranda

396 2297 481 2383 vita,
511 2299 623 2390 quise
652 2298 771 2384 metui,
794 2321 892 2390 quarn
914 2297 1037 2383 amari,
1057 2293 1204 2384 malunt,
1232 2298 1335 2365 cuivis
1363 2294 1461 2365 facile

395 2400 564 2470 intellectu
575 2402 669 2470 tint.»
682 2403 790 2478 Etiam
803 2402 858 2470 hic
873 2402 966 2472 locus
979 2417 1178 2496 argumento
1191 2416 1258 2488 est,
1271 2427 1340 2470 non
1354 2400 1463 2471 solum

396 2508 622 2600 tyrannidem,
635 2535 708 2602 quae
723 2533 853 2603 semper
868 2509 1003 2602 injusta,
1016 2523 1049 2576 et
1062 2507 1138 2578 odio
1153 2507 1252 2602 digna
1264 2522 1331 2595 est,
1342 2532 1463 2576 verum

395 2615 491 2682 etiam
523 2613 719 2709 singularem
750 2617 957 2710 potentiam,
981 2639 1052 2708 quae
1079 2627 1187 2708 potest
1210 2637 1280 2680 esse
1302 2613 1392 2706 justa
1427 2627 1464 2682 et

396 2717 520 2815 populo
539 2736 649 2815 grata,
670 2719 774 2816 qualis
796 2735 845 2790 est
862 2721 1026 2812 justorum
1055 2743 1187 2814 regum,
1205 2717 1282 2785 huic
1306 2721 1464 2814 scriptori

394 2827 533 2894 invisam
548 2826 655 2896 fuisse.
669 2827 767 2914 Quod
785 2828 811 2894 si
824 2827 880 2894 hio
896 2826 996 2906 liber,
1006 2825 1191 2894 Theodosio
1206 2824 1388 2917 imperium,
1398 2825 1463 2894 ob-

397 2933 693 3026 tinente‚,scriptus
714 2917 818 3016 esset,
830 2934 916 2999 itane
934 2930 1069 3000 licenter
1084 2945 1118 3000 et
1135 2943 1246 3025 aperte
1264 2928 1363 3022 hujus
1386 2928 1464 2999 libri

396 3037 506 3131 opifex
531 3038 687 3106 adversus
712 3034 908 3131 singularem
938 3037 1140 3130 potentiam,
1164 3059 1237 3130 quae
1263 3034 1345 3104 nihil
1371 3033 1463 3104 aliud

396 3157 462 3226 est,
484 3167 582 3235 quam
605 3142 754 3235 μοναρχία
779 3157 836 3210 aut
864 3143 1021 3230 βασιλεία,
1044 3143 1108 3211 boc
1125 3155 1191 3228 est,
1214 3165 1370 3236 regnum,
1388 3139 1463 3234 styli

397 3250 447 3316 sui
465 3271 658 3318 mucronem
685 3247 930 3318 destrinxissetl
946 3251 987 3316 In
1005 3245 1235 3342 Epaminonda
1257 3241 1369 3334 (XV,
1391 3271 1436 3316 to
1454 3299 1465 3336 ,

400 3347 471 3442 3,)
492 3355 558 3421 sic:
588 3382 605 3418 u
628 3355 705 3442 Quo
724 3368 889 3448 ternpore,
911 3354 995 3424 duce
1013 3351 1186 3445 Pelopida,
1202 3351 1313 3422 exules
1330 3352 1463 3422 Thebas

397 3473 619 3553 occuparunt,
629 3473 662 3527 et
673 3460 859 3553 praesidium
869 3459 1195 3529 Lacedaemoniorum
1210 3483 1251 3526 ex
1267 3482 1343 3528 arce
1357 3483 1464 3552 expu-

398 3563 944 3659 lerunt,Epaminondas,quamdiu
952 3565 1039 3634 facta
1047 3577 1096 3632 est
1105 3563 1464 3651 caedescivium,domo

399 3696 433 3740 se
449 3673 572 3758 tenuit3
583 3670 672 3764 quod
688 3695 794 3765 neque
810 3669 913 3742 malos
924 3669 1099 3738 defendere
1115 3668 1265 3758 volebat,
1277 3693 1384 3762 neque
1396 3669 1464 3736 im·-
1517 3723 1522 3730 .

399 3802 567 3872 pugnare,
584 3802 625 3846 ne
642 3801 760 3846 manus
777 3800 912 3846 suorum
926 3776 1084 3870 sanguine
1098 3789 1305 3850 cruentaret:
1320 3796 1466 3868 namque

399 3908 530 3954 omnem
545 3882 673 3952 civilem
686 3883 857 3953 victoriam
874 3882 1035 3950 funestam
1049 3881 1198 3976 putabat..
1214 3911 1232 3946 »
1253 3877 1394 3950 Videtur
1412 3879 1464 3949 his

400 3989 508 4058 verbis
530 4005 642 4059 noster
656 3992 797 4085 scriptor
815 4003 848 4057 et
862 3975 941 4058 belli
954 3987 1060 4058 civilis
1081 4003 1247 4071 auctores,
1269 3987 1465 4082 Pompeium

399 4107 433 4162 et
459 4096 648 4182 Caesarem,
672 4097 706 4164 in
728 4122 795 4190 quo
820 4108 948 4170 tantum
974 4096 1139 4189 sanguinis
1164 4089 1268 4166 civilis
1291 4091 1465 4185 profusum
