3284 5150
410 463 484 537 208
672 461 941 531 CORNELII
974 461 1207 532 NEPOTIS

408 601 445 656 ut
476 610 535 661 stra
567 585 700 656 decreta
732 585 954 655 confirmaret
977 585 1053 654 Huc
1077 583 1194 654 eodem
1224 585 1394 679 prosecuta
1424 603 1476 658 est

406 693 565 762 Phocion.
581 695 660 780 Quo
679 706 718 761 ut
738 694 849 778 venit,
867 715 1000 762 causam
1016 691 1105 785 apud
1127 681 1343 786 Philippum⁴
1359 717 1473 788 regem

407 799 529 886 verbo,
549 823 585 868 re
606 800 677 893 ipsa
697 798 831 894 quidem
851 797 940 892 apud
963 795 1278 892 Polysperchoutem
1293 798 1405 893 jusats
1423 815 1473 870 est

407 905 545 974 dicere:
571 929 713 1000 namque
735 907 762 974 is
785 919 857 974 turn
887 907 974 998 regis
1002 903 1100 974 rebus
1128 890 1301 998 praecrat⁵⁸¹
1334 906 1398 975 Hic
1433 906 1475 974 ab

408 1011 581 1106 Agnonide
591 996 605 1035 ⁶
617 1026 811 1098 accusatus,
828 1010 917 1105 quod
928 1012 1069 1080 Piraeum
1085 1012 1243 1082 Nicanori
1256 1010 1475 1105 prodidisset,

321 1183 327 1194 ,
407 1143 448 1186 ex
473 1116 618 1188 consitii’
645 1119 805 1188 sententia
830 1121 863 1186 in
897 1117 1079 1186 custodiam
1111 1117 1300 1210 conjectus,
1327 1117 1475 1188 Athenas

409 1223 572 1312 deductus
591 1240 656 1312 est,
670 1239 708 1294 ut
726 1226 771 1293 ibi
791 1222 832 1292 de
853 1249 894 1293 eo
916 1222 1042 1317 legibus
1063 1223 1159 1292 lieret
1175 1223 1346 1317 judicium.

462 1333 523 1400 IV.
540 1334 615 1400 Huc
631 1330 687 1399 ubi
703 1344 900 1425 perventum
909 1343 979 1418 est,
995 1355 1098 1424 quum
1117 1345 1255 1427 propter
1270 1343 1399 1400 aetatem
1412 1343 1475 1424 pe·

409 1437 507 1506 dibus
523 1437 593 1530 jam
617 1462 684 1506 non
704 1435 859 1522 valeret¹,
879 1435 1097 1531 vehiculoque
1120 1449 1335 1532 portaretur,
1362 1437 1475 1530 magni

309 1605 312 1612 ,
410 1568 592 1613 concursus
622 1557 699 1612 sunt
720 1541 798 1610 iacti
816 1569 826 1629 ;
846 1567 948 1636 quum
977 1541 1058 1629 alii,
1087 1544 1333 1612 reminiscentes
1355 1544 1476 1612 veteris

410 1650 521 1736 hmae,
543 1650 646 1718 aetatis
668 1650 920 1732 misererentur;
941 1646 1075 1742 plurimi
1099 1673 1180 1718 vero
1200 1650 1249 1718 ira
1270 1673 1474 1718 exacueren-

410 1771 485 1840 tur,
502 1769 639 1849 propter
658 1754 855 1849 proditionis
878 1755 1097 1849 suspicionem
1117 1756 1234 1842 Piraei,
1247 1758 1474 1850 maximoque,

410 1861 501 1956 quod
513 1861 671 1931 adversus
686 1859 799 1955 populi
814 1861 990 1930 commoda
1005 1865 1039 1930 in
1053 1875 1223 1931 senectute
1234 1875 1379 1932 steterat.
1396 1863 1474 1950 Qua

411 1968 452 2036 dc
475 1993 511 2036 rc
533 1990 575 2036 ne
593 1967 770 2062 perorandi
790 1966 944 2062 quidem²
969 1970 998 2036 ei
1023 1968 1101 2036 data
1121 1980 1170 2036 est
1191 1964 1347 2055 facultas,
1370 1982 1404 2036 et
1424 1967 1474 2036 di·

412 2072 507 2150 cendi
526 2096 668 2143 causam.
692 2073 775 2142 Inde
788 2073 930 2166 judicio,
946 2073 1097 2170 legitimis
1122 2073 1317 2167 quibusdam
1340 2073 1474 2144 confec·

411 2163 480 2268 tis³,
499 2179 690 2268 damnatus,
702 2179 841 2250 traditus
857 2195 907 2252 est
918 2180 1072 2250 undecim
1086 2183 1183 2268 viris,
1200 2179 1319 2274 quibus
1335 2179 1378 2248 ad
1394 2205 1473 2276 sup·

453 2377 479 2435 4.
495 2371 573 2442 Apud
594 2371 733 2442 Philippum
752 2391 839 2442 regem.
860 2372 920 2424 Ari·
964 2373 1030 2425 leret.
1042 2370 1124 2425 Pedes
1136 2369 1259 2424 incedere
1275 2384 1339 2423 tunc
1349 2389 1473 2442 nonpos-

411 2449 512 2514 dmm,
524 2452 634 2504 fratrem
655 2450 798 2504 Alexandri
818 2452 919 2524 Magni.
964 2452 1231 2525 eet.-Vehicaloque
1242 2461 1388 2522 portamur.
1408 2451 1471 2506 Plu·

412 2529 476 2584 Vid.
490 2532 558 2585 Juat.
571 2532 690 2598 XII1,3.
963 2532 1070 2584 tarchus
1088 2545 1175 2584 tamen
1191 2549 1246 2584 non
1270 2542 1380 2602 propter
1396 2530 1471 2584 iniir·

433 2611 479 2666 .5.
506 2611 617 2684 quue
640 2615 660 2662 is
690 2623 738 2664 tum
765 2615 829 2681 regit
851 2612 919 2664 ndat
961 2613 1080 2666 mitatem
1093 2609 1192 2682 pedum
1205 2612 1359 2663 aicveetnm
1370 2612 1471 2676 refert,

407 2702 521 2762 praeerat.
537 2693 651 2746 Curator
665 2691 740 2762 regni
755 2703 782 2743 et
797 2689 921 2744 adminis-
962 2691 1007 2746 ted
1036 2691 1201 2745 contumelia
1231 2709 1316 2743 aura.
1344 2689 1471 2761 Alioquin

409 2784 503 2826 tratur.
518 2772 640 2825 Lucre.
962 2769 1072 2824 invalidi
1095 2769 1248 2842 debilesque
1270 2771 1339 2823 sellis
1360 2783 1473 2841 gestato·

451 2855 479 2906 6.
495 2851 538 2904 Ab
548 2851 687 2922 Aganaide.
704 2850 820 2903 Rhetote
833 2864 860 2904 et
875 2869 919 2923 sy·
961 2851 1008 2904 riia
1024 2848 1057 2903 ad
1073 2851 1195 2923 supplicii
1207 2851 1293 2904 locum
1308 2847 1483 2903 serebantur.⁴

410 2932 541 3003 cophanta
551 2969 560 2996 ,
572 2949 619 2984 seu
633 2931 766 2994 delatore,
779 2929 919 2984 accusandi
962 2929 1033 2984 Vide
1048 2931 1230 2994 Anneianum,
1243 2930 1347 2994 XXIX,
1363 2949 1388 2982 a.

410 3011 572 3064 Phocionem
593 3013 676 3082 gratia
690 3009 778 3063 misso.
796 3010 830 3063 V.
848 3011 918 3064 Plut.
1004 3012 1078 3064 nile
1085 3011 1217 3081 pereundi
1227 3010 1330 3082 quidem,
1342 3021 1392 3063 etc.
1400 3009 1471 3074 Quia

452 3111 479 3160 7.
500 3092 545 3145 Ea
563 3091 670 3154 concidi,
685 3089 718 3141 al.
734 3091 852 3143 consimili
865 3111 919 3142 een·
961 3091 1061 3144 crebris
1070 3091 1229 3143 clamoribus
1244 3089 1469 3161 interpellabatur.

411 3175 494 3224 untia.
509 3169 548 3222 ile
563 3189 624 3222 vera
637 3166 671 3221 ad
684 3187 767 3220 uuum
779 3168 919 3242 Polyepea·
963 3171 1062 3224 Confer
1075 3171 1244 3224 Plutarchum
1261 3181 1288 3222 et
1302 3166 1467 3234 Dlodorunr,

410 3251 535 3303 chortem
554 3248 634 3303 rediit
645 3247 919 3319 judicium-Athe·
962 3267 1018 3302 retu
1027 3251 1171 3322 copioaeac
1181 3248 1268 3304 lucide
1278 3251 1470 3302 narrantesEx

412 3349 456 3382 naa
466 3329 587 3383 deductus¹
598 3329 637 3382 Ut
647 3329 746 3382 scilicet
756 3329 849 3400 capitia
861 3349 921 3384 cau·
962 3329 1055 3382 eodem
1065 3329 1185 3383 Diodoro
1197 3327 1315 3402 proditos
1326 3329 1470 3382 Athenien·

410 3427 465 3462 aanr
477 3407 586 3462 diceret.
602 3406 673 3461 Vide
688 3406 799 3462 Diodor.
809 3409 919 3476 XVIII,
962 3427 1002 3462 aea
1013 3410 1113 3462 Iuiesea
1123 3409 1346 3482 Polyaperchonte
1358 3421 1468 3462 constat.

411 3500 438 3544 et
448 3486 813 3542 PlutarchuminPhocione.
826 3489 920 3542 Obiter
1005 3491 1030 3544 3.
1047 3491 1172 3559 Legt'tiaris
1187 3489 1325 3562 quibusdum
1347 3491 1468 3556 conseeth.

411 3567 563 3623 observabit
573 3585 633 3621 reos
642 3567 827 3623 honoratiores
841 3569 921 3623 Athe·
962 3568 995 3622 ld
1009 3581 1061 3633 eat,
1075 3569 1195 3622 formulis
1210 3570 1327 3642 aliquot,
1338 3580 1369 3621 ut
1384 3570 1412 3621 in
1425 3571 1469 3640 ju·

410 3669 457 3704 naa
473 3649 565 3702 minos
579 3647 670 3714 initae,
681 3659 712 3700 nt
725 3648 920 3719 magistratibus
962 3647 1038 3703 diciia
1050 3650 1291 3714 tolet,obeervatie.
1306 3649 1367 3702 Non
1380 3661 1470 3702 autern

411 3727 595 3795 traderentur,
610 3728 841 3800 utque,legitirnis
855 3721 920 3782 cori·
962 3729 1050 3782 omnia
1078 3731 1134 3801 lege
1161 3731 1259 3782 sancita
1285 3729 1366 3782 secuti
1391 3741 1469 3795 auntt

410 3810 500 3875 lectis,
516 3821 561 3862 ant
576 3809 775 3862 absolverentur
783 3820 828 3861 aut
841 3805 919 3861 addi·
962 3810 1061 3880 qnippe
1079 3828 1114 3862 ne
1128 3808 1247 3864 dicendae
1264 3807 1372 3881 quidem
1386 3825 1471 3862 causa

410 3903 548 3954 serentur,
560 3887 633 3960 quod
653 3901 680 3942 et
696 3886 767 3960 apud
786 3891 923 3943 Romanos:
962 3891 986 3942 ei
999 3888 1060 3942 data
1077 3890 1157 3942 fuerit
1168 3888 1419 3961 copia-Undecies
1428 3892 1470 3941 ei-

410 3971 530 4026 invaluit.
547 3968 620 4024 Vide
640 3982 695 4024 not.
718 3967 751 4022 ad
766 3967 858 4022 Sidon.
875 3987 917 4040 ep.
962 3973 1003 4022 ris.
1016 3968 1348 4041 Iudicibue,quibnacura
1358 3968 1472 4022 carceris

412 4069 443 4120 7,
456 4050 503 4104 lib.
516 4051 582 4104 VII.
596 4050 710 4104 Saraao.
962 4062 988 4102 et
1004 4050 1194 4122 suppliciorum
1211 4047 1384 4116 demandata,
1396 4062 1425 4100 ut
1441 4049 1470 4100 in

451 4131 515 4183 Car.
528 4129 577 4184 IV.
593 4146 615 4184 1.
630 4130 736 4183 Pedibus
743 4133 797 4200 jam
812 4148 918 4182 ucoca·
958 4129 1114 4201 capitalibus
1141 4131 1220 4184 rebus
1242 4125 1379 4196 adessent,
1395 4126 1469 4200 Jndi·
