3284 5150
614 516 855 586 ATTICUS.
990 543 994 552 ·
1190 515 1260 588 261

204 651 334 718 ratione
344 644 533 741 reipublicae
545 663 713 717 auctorem
726 634 957 743 actoremque⁶
971 649 1148 718 habebant.
1160 651 1266 744 igitur
1367 721 1376 740 ,

203 756 347 850 primum
366 751 446 824 illud
462 777 582 822 munus
598 753 754 840 fortunae,
769 754 858 848 quod
870 756 902 822 in
912 779 950 824 ea
965 757 1168 849 potissimum
1184 756 1266 824 urbe

205 875 378 946 natusest,
389 860 423 927 in
438 884 502 952 qua
513 858 714 928 domicilium
733 859 822 930 orbis
834 874 997 930 terrarum
1009 861 1105 930 esset⁷
1116 863 1266 955 imperii,

206 980 243 1034 ut
263 965 412 1036 eamdem
431 979 465 1034 et
481 966 621 1059 patriam
641 964 779 1034 haberet
792 981 826 1034 et
841 965 987 1035 domum.
1008 969 1082 1034 Hoc
1098 967 1265 1060 specimen

205 1072 406 1166 prudentiae,
421 1071 531 1167 quod,
548 1095 651 1166 quum
666 1073 700 1140 in
717 1057 811 1140 eam‘
826 1073 991 1140 civitatem
1005 1097 1041 1140 se
1060 1071 1265 1162 contulisset,

203 1202 277 1271 quae
298 1178 507 1271 antiquitate,
528 1176 747 1262 humanitate,
768 1177 918 1247 doctrina
940 1191 1108 1271 praestaret
1129 1201 1265 1264 omncs,

206 1307 292 1352 unus
314 1285 343 1352 ei
357 1297 434 1352 ante
452 1281 534 1352 alios
553 1282 652 1352 suerit
671 1284 865 1353 carissimus.

258 1391 318 1458 lv.
335 1391 410 1458 Huc
420 1413 459 1458 ex
478 1390 555 1458 Asia
569 1386 659 1458 Sulla
668 1387 846 1458 decedens¹
862 1413 962 1481 quum
980 1390 1137 1474 venisset,
1150 1413 1264 1482 quam·

204 1494 262 1564 diu
278 1495 323 1564 ihi
342 1494 422 1582 fuit,
436 1519 547 1564 secum
565 1494 680 1564 habuit
697 1496 935 1588 Pomponium,
950 1508 1066 1589 captus
1080 1491 1266 1564 adolescen·

205 1603 289 1670 tiset
301 1601 505 1670 humanitate
516 1615 549 1670 et
559 1600 718 1670 doctrina.
736 1601 790 1670 Sic
803 1601 890 1668 enim
906 1598 1041 1670 Graece’
1051 1600 1265 1694 loquebatur,

204 1721 242 1776 ut
265 1707 403 1776 Athenis
433 1720 530 1776 natus
554 1705 731 1776 videretur.
755 1708 862 1774 Tanta
886 1720 995 1774 autem
1026 1707 1170 1774 suavitas
1195 1721 1266 1776 erat

204 1813 363 1882 sermonis
383 1814 513 1898 latini,
532 1826 568 1880 ut
590 1826 780 1907 appareret,
798 1811 830 1880 in
854 1836 894 1880 eo
919 1813 1067 1880 nativum
1087 1811 1263 1905 quemdam

205 1915 350 2012 leporem
364 1942 452 2003 ease,
463 1943 530 1987 non
541 1903 730 1988 adscitum&
742 1917 835 1986 Idem
847 1903 1019 2012 poemata⁴
1031 1918 1266 2012 pronuntiabat

203 2038 238 2094 et
249 2026 365 2094 Graece
380 2038 415 2093 et
428 2026 544 2092 latine
562 2025 624 2108 sic,
641 2037 677 2092 ut
696 2047 795 2117 supra
808 2023 888 2091 nihil
908 2037 1019 2116 posset
1033 2023 1119 2092 addi.
1135 2023 1266 2112 Quibus

205 2129 303 2198 rebus
317 2129 438 2200 factum
455 2144 505 2198 est
515 2143 572 2216 ,ut
583 2127 671 2198 Sulla
684 2153 844 2223 nusquam
860 2153 936 2197 eum
948 2129 990 2196 ab
1004 2115 1057 2196 se⁵
1067 2129 1265 2217 dimitteret,

204 2249 405 2330 cuperetque
420 2259 532 2305 aecum
551 2235 723 2306 deducere.
747 2219 834 2322 Qui⁶
855 2259 956 2328 quum
980 2233 1177 2328 persuadere
1194 2249 1263 2304 ten·

245 2457 274 2508 6.
294 2453 424 2508 Auctorem
438 2465 595 2525 artuumque.
620 2453 717 2506 Auctor
802 2471 827 2504 a.
840 2450 883 2504 Sic
893 2453 954 2502 eninr
962 2449 1049 2504 Graece
1057 2450 1202 2523 loquabatur.
1210 2451 1265 2503 Un-

204 2532 311 2600 auadet,
320 2533 473 2605 prncipitve
483 2551 539 2586 ram
548 2545 575 2586 et
586 2533 716 2585 rationem
759 2530 793 2583 de
805 2531 886 2584 Attici
901 2548 1066 2600 cognomen,
1089 2530 1127 2582 uti
1143 2549 1173 2583 ex
1190 2531 1265 2584 Cice·

205 2611 313 2685 gerendi
329 2624 473 2678 monstram
488 2611 568 2666 Actor
585 2611 651 2682 agit,
669 2608 715 2664 ad·
759 2609 832 2663 ronia
845 2608 879 2661 de
898 2609 1036 2662 Senectute
1052 2609 1120 2662 libro
1130 2609 1167 2662 in.
1184 2627 1263 2681 appa·

205 2693 337 2746 miniatem
352 2705 378 2746 et
392 2705 475 2746 curat.
758 2703 817 2742 ret:
837 2716 847 2736 ·
859 2689 950 2759 Teque
960 2707 1014 2742 non
1023 2707 1169 2760 cognomen
1179 2690 1264 2744 aolum

247 2791 274 2842 7.
300 2773 374 2826 Erret
397 2773 495 2842 imperii.
528 2770 659 2840 Loquitur
681 2767 715 2822 de
759 2769 870 2821 Athenis
881 2765 1046 2839 deportatae,
1061 2765 1107 2822 aad
1115 2768 1264 2822 humanita-

206 2852 273 2904 urbe
287 2852 420 2912 Romana,
429 2849 504 2922 quari
518 2849 623 2902 fortuna
635 2850 717 2920 impe·
760 2860 814 2900 tem
830 2861 857 2900 et
871 2846 1040 2918 prudentiam
1057 2847 1207 2918 intelligo..

204 2931 288 2984 aiiibi
301 2930 441 2984 habitaret.
455 2961 496 2972 -
511 2929 622 2981 Domum.
638 2929 715 2981 Libri
799 2929 824 2980 3.
837 2927 973 2980 Admittam,
983 2925 1014 2980 ld
1023 2927 1178 2992 commeo,
1185 2926 1266 2978 latine

205 3023 306 3064 retem
324 3009 468 3078 subjiciunt
489 3009 588 3070 wluitr
609 3006 651 3061 ed.
673 3027 714 3080 pr.
758 3026 841 3079 quum
854 3008 1015 3078 loqueretur,
1025 3005 1266 3077 aermoniahujuace

204 3090 317 3142 uoluerit.
325 3089 352 3141 si
361 3089 435 3160 priua
441 3087 527 3160 probo
533 3087 715 3158 cumKappio,
757 3086 840 3156 gratia
851 3084 917 3138 adeo
930 3105 996 3158 pura
1009 3099 1036 3138 et
1047 3085 1194 3138 inaffectata
1208 3085 1265 3144 ina.

205 3181 232 3220 ut
247 3169 344 3221 mutari
358 3165 437 3221 debet
451 3167 480 3219 in
496 3179 530 3222 et.
552 3167 605 3219 Pro
622 3165 715 3218 domum
757 3177 813 3230 rat,
833 3177 863 3218 ut
881 3165 949 3218 hanc
968 3167 1121 3234 suavitatqm
1136 3165 1265 3230 nativam,

205 3247 350 3300 Lambiuua
361 3247 480 3320 repoauit
494 3247 626 3312 dominam,
642 3243 715 3317 qnod
758 3264 811 3298 nou
832 3257 920 3298 autern
939 3244 1029 3301 labore
1049 3257 1151 3318 partam
1173 3263 1265 3300 omnes

206 3326 484 3398 etaliquiprobamnt,
493 3325 714 3398 nuperbremius.
757 3324 893 3378 aautirent.

206 3406 417 3476 Atlanguetnon
426 3406 511 3458 aulum
519 3404 714 3476 hacrepetitio,
800 3410 826 3470 4.
854 3404 979 3456 Poemata.
1010 3403 1129 3456 Aliorum
1150 3403 1265 3470 acilicat,

205 3483 713 3556 aedetdiajicitoonnexorumrationem.
758 3483 929 3556 quibuavocia
938 3481 1063 3536 suavitate
1074 3484 1200 3552 majorem
1209 3501 1265 3558 gra·

206 3563 715 3636 Nempequoapectatpatnhmcoetiam
758 3563 821 3616 tiam
834 3562 968 3616 afferebat.

205 3641 615 3716 tramierridebetvoxadjuncta.
623 3643 715 3695 Domus
800 3643 826 3696 5.
842 3641 967 3714 Nusquam
983 3660 1034 3692 eura
1045 3639 1076 3690 ab
1091 3659 1116 3691 ae
1127 3639 1263 3692 dimitteret.

205 3737 244 3778 eat
254 3722 436 3788 domicilium,
455 3722 548 3789 aedea,
563 3721 665 3788 taihun
688 3733 716 3774 et
757 3721 822 3794 Ejua
836 3717 1027 3774 consuetudine
1042 3717 1147 3774 aaaidue,
1167 3720 1181 3771 l
1187 3739 1201 3771 r
1210 3737 1263 3772 ere·

205 3803 319 3856 civitatis
332 3803 374 3873 jua
387 3803 483 3856 innuit.
500 3803 560 3856 Τις.
757 3813 810 3853 tur.
827 3831 867 3842 -
882 3799 965 3852 &cum
976 3798 1098 3851 &docem
1115 3797 1170 3852 Sibi
1186 3798 1263 3850 itine-

245 3885 272 3937 8.
287 3883 353 3936 Ean
370 3885 495 3936 deuotam.
504 3882 621 3936 Athenaa
633 3880 713 3934 scilic.
756 3879 793 3932 ria
806 3879 930 3933 comitem
943 3875 1095 3931 adsciscere.

244 3963 310 4016 Cae.
327 3961 376 4014 lv.
396 3979 419 4015 ι.
442 3963 486 4014 Ea
500 3961 563 4014 Λεία
583 3960 653 4013 Sutia
671 3959 714 4012 de·
799 3962 825 4012 6.
850 3957 909 4026 Qui.
925 3956 1062 4008 Immerito
1076 3953 1166 4020 docti,
1185 3955 1264 4008 Lam·

204 4039 295 4094 cedem
318 4039 409 4094 Finito
428 4041 498 4094 bello
514 4037 714 4104 Mithridatico,
757 4038 822 4090 bino
830 4035 908 4100 duce,
921 4035 950 4088 in
961 4039 1000 4086 cui
1010 4045 1185 4088 mutaverunt.
1200 4036 1263 4104 Qui,

204 4131 297 4174 contu
317 4119 433 4176 tunium
448 4119 541 4174 iturua.
562 4119 713 4172 Tzacuucx.
758 4130 808 4170 etc.
824 4114 856 4168 ld
868 4127 917 4182 eat,
928 4133 1011 4186 quum
1022 4113 1093 4186 Sylla
1108 4113 1264 4188 persuadere

1030 4248 1039 4292 ¹
1051 4247 1071 4318 7
