3200 5120
360 505 429 573 DE
456 505 737 576 CORNELIO
765 507 981 576 NEPOTE.
1116 533 1202 581 xxrx

153 623 280 719 qualem
303 621 504 695 locutionum
525 628 634 696 minus
654 627 840 714 obviarum,
857 641 1004 723 'ususque
1023 631 1201 702 vocabulo-

153 755 224 798 rum
246 729 420 825 singularis
437 731 610 801 adornavit
627 731 748 802 clariss.
766 733 958 826 Artopoeus,
973 734 1030 803 sed
1049 735 1152 831 qualis
1166 740 1201 809 in

152 836 291 905 editione
312 834 469 930 Delphini
486 839 648 924 occurrit,
671 837 768 906 index
789 841 934 908 omniurn
956 839 1200 912 vocabulorum.

152 941 285 1036 losepbi
302 965 433 1035 quoque
454 945 561 1011 Iscani
582 967 699 1037 poema
717 942 862 1012 exhiberi
882 958 1010 1038 poterat
1025 971 1065 1014 ex
1087 972 1200 1016 emen-

154 1046 275 1116 datiore
296 1062 330 1115 et
351 1048 526 1140 integriore
550 1049 685 1117 Ioannis
711 1049 799 1116 Mori
821 1049 963 1118 editione
985 1052 1201 1142 londinensi,

155 1175 238 1222 anno
256 1148 371 1247 1675,
388 1152 420 1222 8.
433 1153 624 1222 Dresemius
641 1153 747 1238 enim,
765 1155 821 1246 qui
839 1154 903 1223 hoc
917 1179 1035 1248 poema
1054 1162 1203 1227 recteJo·

154 1258 254 1352 sepho
263 1261 380 1328 Iscano
392 1259 547 1344 restituit,
560 1271 593 1326 et
607 1256 741 1327 eruditis
754 1260 839 1328 notis
851 1258 1199 1349 illustravit,Francof.

161 1361 273 1450 1623,
291 1367 330 1448 d,
350 1361 447 1432 nullis
466 1362 633 1434 codicibus
648 1364 843 1449 MStis,.sed
861 1379 988 1434 tantum
1010 1368 1112 1436 tribus
1130 1368 1201 1437 edi·

153 1469 292 1538 tionibus
311 1469 543 1537 anterioribus⁷
558 1493 636 1538 usus
655 1467 779 1556 liserat,
791 1470 908 1563 quibus
926 1470 960 1538 hi
972 1470 1061 1561 libri,
1079 1473 1203 1566 majore

153 1575 258 1644 adbuc
279 1575 422 1660 inscitia,
443 1599 541 1668 quam
563 1575 729 1669 proserius
750 1576 875 1660 Dares,
898 1576 1041 1647 Cornelii
1065 1581 1202 1673 Nepotis

152 1695 307 1774 tanquam
328 1681 471 1748 auctoris
500 1705 621 1750 nomen
642 1696 761 1774 gerunt
785 1682 964 1774 praefixum.
989 1685 1029 1751 In
1051 1685 1202 1754 omnibus

153 1811 228 1854 vero
249 1787 318 1854 istis
338 1785 535 1856 editionibus
556 1787 666 1856 omissi
688 1801 782 1874 sunt,
803 1802 878 1880 post
899 1785 951 1855 lib.
970 1790 987 1855 Ι
1014 1813 1046 1855 v.
1076 1787 1143 1876 32,
1167 1791 1202 1860 bi

153 1916 281 1978 versus,
299 1892 417 1986 quibus
431 1893 618 1961 continetur
635 1893 821 1962 encomium
835 1890 1000 1980 Balduini,
1019 1897 1071 1963 eui
1085 1920 1202 1988 poema

153 1997 214 2068 boc
237 2021 333 2066 suum
356 2023 418 2091 pro
439 1996 493 2067 illa
512 2015 698 2092 temporum
713 2023 846 2066 suorum
862 1998 1011 2067 barbarie
1025 2000 1202 2070 facundum

153 2118 184 2172 et
193 2117 365 2199 comptum
378 2120 493 2174 auctor
508 2103 647 2191 dicavit,
660 2103 931 2198 Archi-Episcopi
947 2107 1203 2196 Cantuariensis,

155 2210 211 2278 sub
233 2209 334 2280 linem
353 2208 487 2292 xseculia
508 2224 586 2278 nato
606 2209 667 2279 Ch.
682 2209 877 2278 duodecimi
900 2212 1023 2280 Versus
1043 2209 1113 2280 illos
1131 2215 1203 2305 pri·

155 2341 241 2402 mus,
262 2313 352 2407 quod
377 2317 495 2398 sciam,
518 2340 536 2384 e
558 2317 654 2384 Msto
673 2314 787 2410 codice
814 2316 969 2409 produxit
993 2318 1072 2384 Tan.
1098 2317 1203 2386 Faber

154 2422 184 2490 in
202 2423 290 2490 notis
308 2420 350 2490 ad
367 2423 571 2515 Longinum,
589 2447 620 2516 p.
650 2419 720 2516 169
742 2421 817 2489 edit
841 2419 1003 2515 praeclarae
1026 2421 1201 2492 Tollianae:

216 2579 256 2640 ln
275 2599 447 2640 numerum
462 2578 529 2658 jam
545 2577 657 2639 crescit
674 2576 798 2658 honos,
815 2592 846 2639 te
862 2577 954 2640 tertia
972 2579 1075 2665 poscit

216 2682 339 2760 Insula,
354 2683 419 2764 jam
437 2681 582 2746 meminit
598 2679 784 2770 Wigornia,
802 2681 914 2744 Cantia
930 2681 1037 2765 discit,

216 2787 383 2850 Romanus
401 2787 575 2852 meditatur
590 2809 682 2874 apex,
701 2801 733 2849 et
750 2787 901 2874 naufraga
917 2785 1003 2848 Petri

216 2891 394 2955 Ductorem
411 2892 444 2954 in
457 2890 570 2954 mediis
588 2905 747 2980 exspectat
762 2889 876 2977 cymba
891 2889 1047 2977 procellis.

218 2996 271 3060 Tu
290 3013 398 3060 tamen
415 2996 551 3060 occiduo
567 2995 655 3086 degis
671 3011 844 3059 contentus
862 2995 951 3078 ovili,

219 3100 348 3165 Tertius
364 3101 521 3164 aThoma
532 3098 1011 3190 (Cantunnensi),Tbomasque
1027 3101 1205 3178 secundus,

306 3223 338 3270 et
356 3207 435 3272 alter

219 3313 273 3377 Sol
290 3313 412 3388 oriens,
431 3313 527 3377 rebus
545 3337 727 3396 successor,
745 3313 889 3378 moribus
907 3315 1009 3378 heres.

220 3419 355 3500 Felices,
372 3441 454 3506 quos
472 3441 538 3482 non
556 3420 653 3484 trahit
668 3419 827 3496 ambitus,
843 3436 904 3483 etc.

197 3625 225 3674 7.
247 3603 334 3656 Prima
357 3603 438 3657 editio
455 3617 493 3658 est
507 3605 541 3656 ab
557 3604 661 3656 Albano
704 3604 726 3656 si
741 3616 815 3674 pater
827 3605 882 3674 ipse
903 3605 930 3656 in
951 3605 1052 3674 prolem
1073 3602 1206 3657 redivivus

158 3683 270 3749 Torino‚
282 3684 359 3736 Basil.
376 3684 458 3750 1541,
474 3687 500 3746 8,
512 3701 571 3735 cum
583 3683 661 3735 Pseu·
704 3683 794 3736 oculos
809 3695 973 3736 converteret
986 3695 1039 3734 tam
1052 3683 1206 3744 informem,

157 3759 322 3814 eto-Pindari
331 3764 445 3832 epitome
455 3760 662 3826 Iliadis‚Darete
704 3775 871 3832 cognosceret
879 3760 1207 3833 planenunquam.·llanc

157 3841 292 3911 prosario,
306 3853 332 3894 et
345 3841 454 3894 Homeri
468 3839 549 3894 Iliade
562 3860 592 3894 ex
606 3840 662 3894 lati·
706 3853 792 3894 secuta
810 3853 849 3893 eet
861 3839 943 3892 editio
965 3839 1114 3902 Heniachii,
1128 3839 1205 3891 Basil.

158 3937 191 3972 ua
202 3921 303 3973 Nicolai
314 3921 397 3974 Vallia
407 3933 433 3973 et
444 3921 521 3974 Vino.
537 3919 661 3992 Obsopoei
707 3919 799 3989 1573,
813 3939 839 3987 9.
856 3920 944 3972 Altera
960 3931 1029 3972 exut
1053 3916 1085 3970 etl
1102 3917 1206 3970 Caloem

159 4001 285 4052 rasione.
294 4000 362 4052 Tam
371 4011 495 4071 corrupte
505 4012 592 4052 autem
603 4000 661 4051 rul-
704 3998 813 4050 Homeri
828 4016 911 4067 graece
923 4008 949 4048 et
962 3997 1042 4050 latine
1055 3994 1120 4048 editi
1133 4009 1158 4050 et
1174 3997 1206 4048 il·

159 4091 215 4146 gata
235 4092 289 4142 est,
304 4091 412 4132 notante
428 4080 472 4132 Jo.
488 4076 618 4142 Lelando,
633 4098 659 4150 p.
704 4078 807 4130 lustrmi
819 4095 833 4128 a
843 4077 946 4129 Joaune
959 4073 1118 4147 spondam,
1130 4076 1206 4128 Rasil.

162 4155 662 4230 239‚descriptoribusBritauuicis,aut
709 4157 801 4224 1583,
822 4157 855 4220 ll,
876 4167 902 4208 et
923 4157 1009 4220 1603,
1034 4155 1078 4208 lal.
1092 4155 1209 4211 Tertiam
