<?xml version="1.0" encoding="UTF-8"?>
<!DOCTYPE html PUBLIC "-//W3C//DTD XHTML 1.0 Transitional//EN"
    "http://www.w3.org/TR/xhtml1/DTD/xhtml1-transitional.dtd">
<html xmlns="http://www.w3.org/1999/xhtml" xml:lang="en" lang="en">
 <head>
  <title>
</title>
<meta http-equiv="Content-Type" content="text/html;charset=utf-8" />
  <meta name='ocr-system' content='tesseract 3.04.00' />
  <meta name='ocr-capabilities' content='ocr_page ocr_carea ocr_par ocr_line ocrx_word'/>
</head>
<body>
  <div class='ocr_page' id='page_1' title='image "./corneliusnepose00descgoog_0017.png"; bbox 0 0 3200 5120; ppageno 0'>
   <div class='ocr_carea' id='block_1_1' title="bbox 358 485 1138 560">
    <p class='ocr_par' dir='ltr' id='par_1_1' title="bbox 358 485 1138 560">
     <span class='ocr_line' id='line_1_1' title="bbox 358 485 1138 560; baseline -0.004 -1"><span class='ocrx_word' id='word_1_1' title='bbox 358 507 409 560; x_wconf 72' lang='grc' dir='ltr'><strong>ιιι</strong></span> <span class='ocrx_word' id='word_1_2' title='bbox 617 487 882 560; x_wconf 87' lang='lat' dir='ltr'><strong>CORNELII</strong></span> <span class='ocrx_word' id='word_1_3' title='bbox 909 485 1138 559; x_wconf 86' lang='lat' dir='ltr'><strong>NEPOTIS</strong></span> 
     </span>
    </p>
   </div>
   <div class='ocr_carea' id='block_1_2' title="bbox 309 619 1410 3881">
    <p class='ocr_par' dir='ltr' id='par_1_2' title="bbox 309 619 1410 3881">
     <span class='ocr_line' id='line_1_2' title="bbox 354 619 1407 708; baseline -0.002 -18"><span class='ocrx_word' id='word_1_4' title='bbox 354 619 484 706; x_wconf 89' lang='lat' dir='ltr'><strong>Plinio,</strong></span> <span class='ocrx_word' id='word_1_5' title='bbox 504 619 713 708; x_wconf 87' lang='lat' dir='ltr'><strong>Cassiodoro,</strong></span> <span class='ocrx_word' id='word_1_6' title='bbox 726 633 759 688; x_wconf 88' lang='lat' dir='ltr'><strong>et</strong></span> <span class='ocrx_word' id='word_1_7' title='bbox 774 620 941 690; x_wconf 83' lang='lat' dir='ltr'><strong>Antonino</strong></span> <span class='ocrx_word' id='word_1_8' title='bbox 955 621 989 688; x_wconf 91' lang='lat' dir='ltr'><strong>in</strong></span> <span class='ocrx_word' id='word_1_9' title='bbox 1001 619 1175 688; x_wconf 89' lang='lat' dir='ltr'><strong>Itinerario</strong></span> <span class='ocrx_word' id='word_1_10' title='bbox 1190 628 1407 706; x_wconf 86' lang='lat' dir='ltr'><strong>memoratus,</strong></span> 
     </span>
     <span class='ocr_line' id='line_1_3' title="bbox 358 721 1405 818; baseline -0.005 -23"><span class='ocrx_word' id='word_1_11' title='bbox 358 721 520 818; x_wconf 84' lang='lat' dir='ltr'><strong>hodieque</strong></span> <span class='ocrx_word' id='word_1_12' title='bbox 531 723 754 800; x_wconf 74' lang='lat' dir='ltr'><strong>ecclesiastica</strong></span> <span class='ocrx_word' id='word_1_13' title='bbox 768 727 1008 795; x_wconf 74' lang='lat' dir='ltr'><strong>veronensium</strong></span> <span class='ocrx_word' id='word_1_14' title='bbox 1017 723 1234 818; x_wconf 84' lang='lat' dir='ltr'><strong>jurisdictioni</strong></span> <span class='ocrx_word' id='word_1_15' title='bbox 1249 721 1405 792; x_wconf 90' lang='lat' dir='ltr'><strong>subditus.</strong></span> 
     </span>
     <span class='ocr_line' id='line_1_4' title="bbox 359 825 1408 915; baseline -0.004 -15"><span class='ocrx_word' id='word_1_16' title='bbox 359 831 604 900; x_wconf 82' lang='lat' dir='ltr'><strong>Historicushic</strong></span> <span class='ocrx_word' id='word_1_17' title='bbox 616 833 785 901; x_wconf 87' lang='lat' dir='ltr'><strong>Ciceronis</strong></span> <span class='ocrx_word' id='word_1_18' title='bbox 794 831 918 900; x_wconf 85' lang='lat' dir='ltr'><strong>amicus</strong></span> <span class='ocrx_word' id='word_1_19' title='bbox 932 827 1126 900; x_wconf 73' lang='lat' dir='ltr'><strong>familiarior</strong></span> <span class='ocrx_word' id='word_1_20' title='bbox 1138 825 1245 899; x_wconf 89' lang='lat' dir='ltr'><strong>Gellio</strong></span> <span class='ocrx_word' id='word_1_21' title='bbox 1254 843 1408 915; x_wconf 84' lang='lat' dir='ltr'><strong>vocatur,</strong></span> 
     </span>
     <span class='ocr_line' id='line_1_5' title="bbox 360 929 1407 1030; baseline -0.002 -25"><span class='ocrx_word' id='word_1_22' title='bbox 360 929 414 1005; x_wconf 90' lang='lat' dir='ltr'><strong>lib.</strong></span> <span class='ocrx_word' id='word_1_23' title='bbox 436 938 521 1023; x_wconf 87' lang='lat' dir='ltr'><strong>XV,</strong></span> <span class='ocrx_word' id='word_1_24' title='bbox 548 961 618 1030; x_wconf 91' lang='lat' dir='ltr'><strong>cap,</strong></span> <span class='ocrx_word' id='word_1_25' title='bbox 645 937 703 1007; x_wconf 67' lang='grc' dir='ltr'><strong>αθ.</strong></span> <span class='ocrx_word' id='word_1_26' title='bbox 730 937 895 1007; x_wconf 88' lang='lat' dir='ltr'><strong>Chronica</strong></span> <span class='ocrx_word' id='word_1_27' title='bbox 919 937 1104 1030; x_wconf 85' lang='lat' dir='ltr'><strong>scripsisse,</strong></span> <span class='ocrx_word' id='word_1_28' title='bbox 1127 937 1217 1004; x_wconf 90' lang='lat' dir='ltr'><strong>testis</strong></span> <span class='ocrx_word' id='word_1_29' title='bbox 1245 947 1294 1003; x_wconf 90' lang='lat' dir='ltr'><strong>est</strong></span> <span class='ocrx_word' id='word_1_30' title='bbox 1321 932 1407 1003; x_wconf 91' lang='lat' dir='ltr'><strong>idem</strong></span> 
     </span>
     <span class='ocr_line' id='line_1_6' title="bbox 359 1038 1408 1136; baseline -0.003 -25"><span class='ocrx_word' id='word_1_31' title='bbox 359 1038 502 1125; x_wconf 84' lang='lat' dir='ltr'><strong>Gellius,</strong></span> <span class='ocrx_word' id='word_1_32' title='bbox 513 1039 566 1110; x_wconf 92' lang='lat' dir='ltr'><strong>lib.</strong></span> <span class='ocrx_word' id='word_1_33' title='bbox 583 1041 736 1126; x_wconf 83' lang='lat' dir='ltr'><strong>XXVII,</strong></span> <span class='ocrx_word' id='word_1_34' title='bbox 747 1065 819 1136; x_wconf 89' lang='lat' dir='ltr'><strong>cap.</strong></span> <span class='ocrx_word' id='word_1_35' title='bbox 838 1066 895 1111; x_wconf 78' lang='lat' dir='ltr'><strong>or.</strong></span> <span class='ocrx_word' id='word_1_36' title='bbox 911 1042 951 1110; x_wconf 93' lang='lat' dir='ltr'><strong>In</strong></span> <span class='ocrx_word' id='word_1_37' title='bbox 965 1041 1015 1110; x_wconf 91' lang='lat' dir='ltr'><strong>his</strong></span> <span class='ocrx_word' id='word_1_38' title='bbox 1029 1065 1090 1134; x_wconf 84' lang='lat' dir='ltr'><strong>pro</strong></span> <span class='ocrx_word' id='word_1_39' title='bbox 1107 1038 1227 1134; x_wconf 90' lang='lat' dir='ltr'><strong>triplici</strong></span> <span class='ocrx_word' id='word_1_40' title='bbox 1240 1054 1408 1134; x_wconf 90' lang='lat' dir='ltr'><strong>tempore,</strong></span> 
     </span>
     <span class='ocr_line' id='line_1_7' title="bbox 358 1138 1407 1240; baseline 0 -26"><span class='ocrx_word' id='word_1_41' title='bbox 358 1138 482 1235; x_wconf 61' lang='lat' dir='ltr'><strong>etna,</strong></span> <span class='ocrx_word' id='word_1_42' title='bbox 496 1147 626 1238; x_wconf 77' lang='grc' dir='ltr'><strong>μυθικῷ,</strong></span> <span class='ocrx_word' id='word_1_43' title='bbox 636 1148 687 1214; x_wconf 84' lang='grc' dir='ltr'><strong>καὶ</strong></span> <span class='ocrx_word' id='word_1_44' title='bbox 701 1148 841 1239; x_wconf 77' lang='grc' dir='ltr'>ἱστορικῷ</span> <span class='ocrx_word' id='word_1_45' title='bbox 855 1141 917 1236; x_wconf 85' lang='lat' dir='ltr'><strong>(de</strong></span> <span class='ocrx_word' id='word_1_46' title='bbox 932 1147 1049 1240; x_wconf 93' lang='lat' dir='ltr'><strong>quibus</strong></span> <span class='ocrx_word' id='word_1_47' title='bbox 1058 1171 1098 1214; x_wconf 83' lang='lat' dir='ltr'><strong>ex</strong></span> <span class='ocrx_word' id='word_1_48' title='bbox 1109 1147 1261 1214; x_wconf 89' lang='lat' dir='ltr'><strong>Varrone</strong></span> <span class='ocrx_word' id='word_1_49' title='bbox 1274 1159 1307 1214; x_wconf 90' lang='lat' dir='ltr'><strong>et</strong></span> <span class='ocrx_word' id='word_1_50' title='bbox 1322 1143 1407 1234; x_wconf 89' lang='lat' dir='ltr'><strong>aliis,</strong></span> 
     </span>
     <span class='ocr_line' id='line_1_8' title="bbox 357 1245 1407 1344; baseline 0 -24"><span class='ocrx_word' id='word_1_51' title='bbox 357 1248 442 1321; x_wconf 88' lang='lat' dir='ltr'><strong>libro</strong></span> <span class='ocrx_word' id='word_1_52' title='bbox 460 1251 501 1321; x_wconf 89' lang='lat' dir='ltr'><strong>de</strong></span> <span class='ocrx_word' id='word_1_53' title='bbox 521 1266 591 1322; x_wconf 88' lang='lat' dir='ltr'><strong>arte</strong></span> <span class='ocrx_word' id='word_1_54' title='bbox 609 1253 781 1340; x_wconf 85' lang='lat' dir='ltr'><strong>historica,</strong></span> <span class='ocrx_word' id='word_1_55' title='bbox 804 1245 987 1340; x_wconf 85' lang='lat' dir='ltr'><strong>diximus),</strong></span> <span class='ocrx_word' id='word_1_56' title='bbox 1004 1265 1070 1320; x_wconf 91' lang='lat' dir='ltr'><strong>tres</strong></span> <span class='ocrx_word' id='word_1_57' title='bbox 1089 1250 1220 1320; x_wconf 86' lang='lat' dir='ltr'><strong>videtur</strong></span> <span class='ocrx_word' id='word_1_58' title='bbox 1240 1252 1407 1344; x_wconf 89' lang='lat' dir='ltr'><strong>scripsisse</strong></span> 
     </span>
     <span class='ocr_line' id='line_1_9' title="bbox 357 1353 1407 1454; baseline -0.002 -28"><span class='ocrx_word' id='word_1_59' title='bbox 357 1353 476 1442; x_wconf 89' lang='lat' dir='ltr'><strong>libros,</strong></span> <span class='ocrx_word' id='word_1_60' title='bbox 498 1383 536 1426; x_wconf 90' lang='lat' dir='ltr'><strong>ac</strong></span> <span class='ocrx_word' id='word_1_61' title='bbox 557 1355 691 1452; x_wconf 88' lang='lat' dir='ltr'><strong>singulis</strong></span> <span class='ocrx_word' id='word_1_62' title='bbox 708 1360 805 1426; x_wconf 90' lang='lat' dir='ltr'><strong>unius</strong></span> <span class='ocrx_word' id='word_1_63' title='bbox 819 1357 975 1451; x_wconf 89' lang='lat' dir='ltr'><strong>temporis</strong></span> <span class='ocrx_word' id='word_1_64' title='bbox 992 1358 1213 1454; x_wconf 87' lang='lat' dir='ltr'><strong>narrationem</strong></span> <span class='ocrx_word' id='word_1_65' title='bbox 1230 1381 1299 1426; x_wconf 86' lang='lat' dir='ltr'><strong>csse</strong></span> <span class='ocrx_word' id='word_1_66' title='bbox 1317 1381 1407 1424; x_wconf 90' lang='lat' dir='ltr'><strong>com·</strong></span> 
     </span>
     <span class='ocr_line' id='line_1_10' title="bbox 358 1457 1408 1557; baseline -0.002 -25"><span class='ocrx_word' id='word_1_67' title='bbox 358 1462 481 1557; x_wconf 85' lang='lat' dir='ltr'><strong>plexus.</strong></span> <span class='ocrx_word' id='word_1_68' title='bbox 508 1465 594 1531; x_wconf 90' lang='lat' dir='ltr'><strong>Sane</strong></span> <span class='ocrx_word' id='word_1_69' title='bbox 615 1477 681 1531; x_wconf 89' lang='lat' dir='ltr'><strong>tres</strong></span> <span class='ocrx_word' id='word_1_70' title='bbox 701 1457 800 1532; x_wconf 88' lang='lat' dir='ltr'><strong>libros</strong></span> <span class='ocrx_word' id='word_1_71' title='bbox 826 1463 939 1532; x_wconf 84' lang='lat' dir='ltr'><strong>fecisse</strong></span> <span class='ocrx_word' id='word_1_72' title='bbox 958 1464 1141 1557; x_wconf 88' lang='lat' dir='ltr'><strong>Nepotem,</strong></span> <span class='ocrx_word' id='word_1_73' title='bbox 1163 1461 1282 1555; x_wconf 89' lang='lat' dir='ltr'><strong>quibus</strong></span> <span class='ocrx_word' id='word_1_74' title='bbox 1309 1483 1408 1530; x_wconf 90' lang='lat' dir='ltr'><strong>omne</strong></span> 
     </span>
     <span class='ocr_line' id='line_1_11' title="bbox 358 1564 1407 1663; baseline 0 -27"><span class='ocrx_word' id='word_1_75' title='bbox 358 1593 465 1636; x_wconf 78' lang='lat' dir='ltr'><strong>aevum</strong></span> <span class='ocrx_word' id='word_1_76' title='bbox 493 1568 800 1662; x_wconf 87' lang='lat' dir='ltr'><strong>comprehenderit,</strong></span> <span class='ocrx_word' id='word_1_77' title='bbox 829 1567 951 1663; x_wconf 92' lang='lat' dir='ltr'><strong>liquido</strong></span> <span class='ocrx_word' id='word_1_78' title='bbox 974 1582 1112 1638; x_wconf 88' lang='lat' dir='ltr'><strong>testatur</strong></span> <span class='ocrx_word' id='word_1_79' title='bbox 1142 1564 1291 1636; x_wconf 84' lang='lat' dir='ltr'><strong>Catullus</strong></span> <span class='ocrx_word' id='word_1_80' title='bbox 1316 1569 1407 1636; x_wconf 93' lang='lat' dir='ltr'><strong>initio</strong></span> 
     </span>
     <span class='ocr_line' id='line_1_12' title="bbox 358 1670 1407 1767; baseline -0.001 -26"><span class='ocrx_word' id='word_1_81' title='bbox 358 1672 711 1767; x_wconf 81' lang='lat' dir='ltr'><strong>hendecasyllaborum.</strong></span> <span class='ocrx_word' id='word_1_82' title='bbox 734 1676 804 1744; x_wconf 89' lang='lat' dir='ltr'><strong>Nec</strong></span> <span class='ocrx_word' id='word_1_83' title='bbox 823 1675 1016 1743; x_wconf 89' lang='lat' dir='ltr'><strong>historicum</strong></span> <span class='ocrx_word' id='word_1_84' title='bbox 1036 1689 1165 1767; x_wconf 88' lang='lat' dir='ltr'><strong>tempus</strong></span> <span class='ocrx_word' id='word_1_85' title='bbox 1185 1672 1227 1740; x_wconf 92' lang='lat' dir='ltr'><strong>ab</strong></span> <span class='ocrx_word' id='word_1_86' title='bbox 1245 1697 1285 1741; x_wconf 92' lang='lat' dir='ltr'><strong>eo</strong></span> <span class='ocrx_word' id='word_1_87' title='bbox 1302 1670 1407 1741; x_wconf 86' lang='lat' dir='ltr'><strong>solum</strong></span> 
     </span>
     <span class='ocr_line' id='line_1_13' title="bbox 356 1775 1407 1872; baseline 0 -24"><span class='ocrx_word' id='word_1_88' title='bbox 356 1803 427 1848; x_wconf 92' lang='lat' dir='ltr'><strong>esse</strong></span> <span class='ocrx_word' id='word_1_89' title='bbox 449 1793 645 1862; x_wconf 65' lang='lat' dir='ltr'><strong>mactatum,</strong></span> <span class='ocrx_word' id='word_1_90' title='bbox 663 1778 781 1848; x_wconf 91' lang='lat' dir='ltr'><strong>indicio</strong></span> <span class='ocrx_word' id='word_1_91' title='bbox 799 1795 850 1849; x_wconf 86' lang='lat' dir='ltr'><strong>est</strong></span> <span class='ocrx_word' id='word_1_92' title='bbox 864 1777 943 1850; x_wconf 88' lang='lat' dir='ltr'><strong>illud</strong></span> <span class='ocrx_word' id='word_1_93' title='bbox 962 1780 1119 1848; x_wconf 83' lang='lat' dir='ltr'><strong>Ausonii:</strong></span> <span class='ocrx_word' id='word_1_94' title='bbox 1137 1806 1154 1843; x_wconf 75' lang='lat' dir='ltr'><strong>a</strong></span> <span class='ocrx_word' id='word_1_95' title='bbox 1172 1775 1339 1872; x_wconf 82' lang='lat' dir='ltr'><strong>Apologos</strong></span> <span class='ocrx_word' id='word_1_96' title='bbox 1352 1781 1407 1848; x_wconf 90' lang='lat' dir='ltr'><strong>Ti·</strong></span> 
     </span>
     <span class='ocr_line' id='line_1_14' title="bbox 357 1877 1407 1979; baseline 0.003 -28"><span class='ocrx_word' id='word_1_97' title='bbox 357 1885 451 1969; x_wconf 86' lang='lat' dir='ltr'><strong>tiani,</strong></span> <span class='ocrx_word' id='word_1_98' title='bbox 472 1899 506 1953; x_wconf 90' lang='lat' dir='ltr'><strong>ct</strong></span> <span class='ocrx_word' id='word_1_99' title='bbox 528 1886 664 1978; x_wconf 87' lang='lat' dir='ltr'><strong>Nepotis</strong></span> <span class='ocrx_word' id='word_1_100' title='bbox 682 1885 863 1974; x_wconf 88' lang='lat' dir='ltr'><strong>Chronica,</strong></span> <span class='ocrx_word' id='word_1_101' title='bbox 877 1887 968 1979; x_wconf 87' lang='lat' dir='ltr'><strong>quasi</strong></span> <span class='ocrx_word' id='word_1_102' title='bbox 985 1883 1064 1954; x_wconf 91' lang='lat' dir='ltr'><strong>alios</strong></span> <span class='ocrx_word' id='word_1_103' title='bbox 1078 1881 1234 1978; x_wconf 82' lang='lat' dir='ltr'><strong>apologos</strong></span> <span class='ocrx_word' id='word_1_104' title='bbox 1250 1877 1264 1972; x_wconf 84' lang='lat'>(</span> <span class='ocrx_word' id='word_1_105' title='bbox 1282 1907 1360 1951; x_wconf 89' lang='lat' dir='ltr'><strong>nam</strong></span> <span class='ocrx_word' id='word_1_106' title='bbox 1373 1897 1407 1954; x_wconf 87' lang='lat' dir='ltr'><strong>et</strong></span> 
     </span>
     <span class='ocr_line' id='line_1_15' title="bbox 358 1983 1402 2084; baseline 0 -28"><span class='ocrx_word' id='word_1_107' title='bbox 358 1990 427 2084; x_wconf 85' lang='lat' dir='ltr'><strong>ipsa</strong></span> <span class='ocrx_word' id='word_1_108' title='bbox 445 1992 546 2060; x_wconf 88' lang='lat' dir='ltr'><strong>instar</strong></span> <span class='ocrx_word' id='word_1_109' title='bbox 564 1989 747 2059; x_wconf 84' lang='lat' dir='ltr'><strong>fabularum</strong></span> <span class='ocrx_word' id='word_1_110' title='bbox 767 1983 875 2078; x_wconf 80' lang='lat' dir='ltr'><strong>sunt),</strong></span> <span class='ocrx_word' id='word_1_111' title='bbox 889 1991 931 2059; x_wconf 87' lang='lat' dir='ltr'><strong>ad</strong></span> <span class='ocrx_word' id='word_1_112' title='bbox 949 1990 1150 2059; x_wconf 88' lang='lat' dir='ltr'><strong>nobilitatem</strong></span> <span class='ocrx_word' id='word_1_113' title='bbox 1172 2005 1263 2058; x_wconf 86' lang='lat' dir='ltr'><strong>tuam</strong></span> <span class='ocrx_word' id='word_1_114' title='bbox 1282 1991 1363 2058; x_wconf 91' lang='lat' dir='ltr'><strong>misi.</strong></span> <span class='ocrx_word' id='word_1_115' title='bbox 1384 2019 1402 2056; x_wconf 75' lang='lat' dir='ltr'><strong>o</strong></span> 
     </span>
     <span class='ocr_line' id='line_1_16' title="bbox 358 2093 1407 2190; baseline 0 -26"><span class='ocrx_word' id='word_1_116' title='bbox 358 2098 443 2166; x_wconf 88' lang='lat' dir='ltr'><strong>Item</strong></span> <span class='ocrx_word' id='word_1_117' title='bbox 468 2122 508 2166; x_wconf 80' lang='lat' dir='ltr'><strong>ex</strong></span> <span class='ocrx_word' id='word_1_118' title='bbox 532 2122 589 2183; x_wconf 91' lang='lat' dir='ltr'><strong>eo,</strong></span> <span class='ocrx_word' id='word_1_119' title='bbox 611 2097 700 2190; x_wconf 92' lang='lat' dir='ltr'><strong>quod</strong></span> <span class='ocrx_word' id='word_1_120' title='bbox 721 2096 939 2166; x_wconf 85' lang='lat' dir='ltr'><strong>Tertullianus</strong></span> <span class='ocrx_word' id='word_1_121' title='bbox 960 2099 993 2165; x_wconf 93' lang='lat' dir='ltr'><strong>in</strong></span> <span class='ocrx_word' id='word_1_122' title='bbox 1013 2095 1227 2190; x_wconf 79' lang='lat' dir='ltr'><strong>Apologetico</strong></span> <span class='ocrx_word' id='word_1_123' title='bbox 1250 2093 1407 2165; x_wconf 89' lang='lat' dir='ltr'><strong>adversus</strong></span> 
     </span>
     <span class='ocr_line' id='line_1_17' title="bbox 357 2195 1405 2297; baseline -0.002 -27"><span class='ocrx_word' id='word_1_124' title='bbox 357 2216 470 2296; x_wconf 82' lang='lat' dir='ltr'><strong>gentes</strong></span> <span class='ocrx_word' id='word_1_125' title='bbox 491 2195 565 2290; x_wconf 83' lang='lat' dir='ltr'><strong>(ubi</strong></span> <span class='ocrx_word' id='word_1_126' title='bbox 586 2226 661 2270; x_wconf 93' lang='lat' dir='ltr'><strong>eum</strong></span> <span class='ocrx_word' id='word_1_127' title='bbox 677 2205 762 2271; x_wconf 88' lang='lat' dir='ltr'><strong>inter</strong></span> <span class='ocrx_word' id='word_1_128' title='bbox 776 2204 1004 2297; x_wconf 88' lang='lat' dir='ltr'><strong>antiquitatum</strong></span> <span class='ocrx_word' id='word_1_129' title='bbox 1019 2215 1293 2272; x_wconf 86' lang='lat' dir='ltr'><strong>commentatores</strong></span> <span class='ocrx_word' id='word_1_130' title='bbox 1306 2200 1405 2269; x_wconf 88' lang='lat' dir='ltr'><strong>diser·</strong></span> 
     </span>
     <span class='ocr_line' id='line_1_18' title="bbox 358 2303 1407 2402; baseline -0.001 -27"><span class='ocrx_word' id='word_1_131' title='bbox 358 2311 417 2394; x_wconf 86' lang='lat' dir='ltr'><strong>tim</strong></span> <span class='ocrx_word' id='word_1_132' title='bbox 426 2303 575 2402; x_wconf 83' lang='lat' dir='ltr'><strong>reponit)</strong></span> <span class='ocrx_word' id='word_1_133' title='bbox 593 2308 690 2395; x_wconf 92' lang='lat' dir='ltr'><strong>dicit,</strong></span> <span class='ocrx_word' id='word_1_134' title='bbox 702 2308 790 2377; x_wconf 89' lang='lat' dir='ltr'><strong>haud</strong></span> <span class='ocrx_word' id='word_1_135' title='bbox 799 2307 887 2376; x_wconf 91' lang='lat' dir='ltr'><strong>aliud</strong></span> <span class='ocrx_word' id='word_1_136' title='bbox 899 2311 1093 2396; x_wconf 81' lang='lat' dir='ltr'><strong>Saturnum,</strong></span> <span class='ocrx_word' id='word_1_137' title='bbox 1106 2331 1205 2401; x_wconf 90' lang='lat' dir='ltr'><strong>quam</strong></span> <span class='ocrx_word' id='word_1_138' title='bbox 1220 2307 1407 2392; x_wconf 88' lang='lat' dir='ltr'><strong>hominem,</strong></span> 
     </span>
     <span class='ocr_line' id='line_1_19' title="bbox 357 2409 1405 2508; baseline -0.003 -27"><span class='ocrx_word' id='word_1_139' title='bbox 357 2411 591 2508; x_wconf 86' lang='lat' dir='ltr'><strong>promulgasse.</strong></span> <span class='ocrx_word' id='word_1_140' title='bbox 604 2413 704 2502; x_wconf 86' lang='lat' dir='ltr'><strong>Quod</strong></span> <span class='ocrx_word' id='word_1_141' title='bbox 715 2416 813 2483; x_wconf 89' lang='lat' dir='ltr'><strong>etiam</strong></span> <span class='ocrx_word' id='word_1_142' title='bbox 828 2416 1018 2484; x_wconf 88' lang='lat' dir='ltr'><strong>Lactantius</strong></span> <span class='ocrx_word' id='word_1_143' title='bbox 1026 2414 1142 2499; x_wconf 86' lang='lat' dir='ltr'><strong>tradit,</strong></span> <span class='ocrx_word' id='word_1_144' title='bbox 1155 2412 1208 2482; x_wconf 93' lang='lat' dir='ltr'><strong>lib.</strong></span> <span class='ocrx_word' id='word_1_145' title='bbox 1219 2415 1334 2505; x_wconf 89' lang='lat' dir='ltr'><strong>I,cap.</strong></span> <span class='ocrx_word' id='word_1_146' title='bbox 1351 2409 1405 2482; x_wconf 80' lang='lat'><strong>13.</strong></span> 
     </span>
     <span class='ocr_line' id='line_1_20' title="bbox 357 2514 1406 2614; baseline -0.001 -28"><span class='ocrx_word' id='word_1_147' title='bbox 357 2518 501 2614; x_wconf 89' lang='lat' dir='ltr'><strong>Reliquit</strong></span> <span class='ocrx_word' id='word_1_148' title='bbox 512 2534 669 2613; x_wconf 68' lang='lat' dir='ltr'><strong>praeterea</strong></span> <span class='ocrx_word' id='word_1_149' title='bbox 687 2518 785 2589; x_wconf 88' lang='lat' dir='ltr'><strong>libros</strong></span> <span class='ocrx_word' id='word_1_150' title='bbox 804 2519 982 2590; x_wconf 91' lang='lat' dir='ltr'><strong>Illustrium</strong></span> <span class='ocrx_word' id='word_1_151' title='bbox 996 2522 1158 2607; x_wconf 87' lang='lat' dir='ltr'><strong>virorum,</strong></span> <span class='ocrx_word' id='word_1_152' title='bbox 1173 2543 1313 2613; x_wconf 91' lang='lat' dir='ltr'><strong>quorum</strong></span> <span class='ocrx_word' id='word_1_153' title='bbox 1329 2514 1406 2587; x_wconf 89' lang='lat' dir='ltr'><strong>Gel-</strong></span> 
     </span>
     <span class='ocr_line' id='line_1_21' title="bbox 358 2619 1407 2720; baseline -0.003 -28"><span class='ocrx_word' id='word_1_154' title='bbox 358 2619 420 2693; x_wconf 90' lang='lat' dir='ltr'><strong>lius</strong></span> <span class='ocrx_word' id='word_1_155' title='bbox 436 2627 604 2712; x_wconf 91' lang='lat' dir='ltr'><strong>meminit,</strong></span> <span class='ocrx_word' id='word_1_156' title='bbox 619 2623 674 2693; x_wconf 89' lang='lat' dir='ltr'><strong>lib.</strong></span> <span class='ocrx_word' id='word_1_157' title='bbox 689 2629 760 2712; x_wconf 88' lang='lat' dir='ltr'><strong>XI,</strong></span> <span class='ocrx_word' id='word_1_158' title='bbox 773 2651 844 2720; x_wconf 88' lang='lat' dir='ltr'><strong>cap.</strong></span> <span class='ocrx_word' id='word_1_159' title='bbox 860 2627 898 2712; x_wconf 91' lang='lat'><strong>8,</strong></span> <span class='ocrx_word' id='word_1_160' title='bbox 912 2642 945 2695; x_wconf 89' lang='lat' dir='ltr'><strong>et</strong></span> <span class='ocrx_word' id='word_1_161' title='bbox 960 2628 1093 2694; x_wconf 87' lang='lat' dir='ltr'><strong>Servius</strong></span> <span class='ocrx_word' id='word_1_162' title='bbox 1112 2627 1145 2692; x_wconf 90' lang='lat' dir='ltr'><strong>in</strong></span> <span class='ocrx_word' id='word_1_163' title='bbox 1162 2627 1179 2692; x_wconf 95' lang='lat'><em>1</em></span> <span class='ocrx_word' id='word_1_164' title='bbox 1197 2621 1322 2692; x_wconf 88' lang='lat' dir='ltr'><strong>AEneid.</strong></span> <span class='ocrx_word' id='word_1_165' title='bbox 1337 2624 1407 2690; x_wconf 89' lang='lat' dir='ltr'><strong>Eo·</strong></span> 
     </span>
     <span class='ocr_line' id='line_1_22' title="bbox 358 2727 1406 2820; baseline -0.004 -22"><span class='ocrx_word' id='word_1_166' title='bbox 358 2753 430 2798; x_wconf 91' lang='lat' dir='ltr'><strong>rum</strong></span> <span class='ocrx_word' id='word_1_167' title='bbox 445 2728 564 2800; x_wconf 85' lang='lat' dir='ltr'><strong>librum</strong></span> <span class='ocrx_word' id='word_1_168' title='bbox 577 2735 611 2820; x_wconf 88' lang='lat'><strong>1,</strong></span> <span class='ocrx_word' id='word_1_169' title='bbox 622 2734 688 2801; x_wconf 88' lang='lat' dir='ltr'><strong>XV</strong></span> <span class='ocrx_word' id='word_1_170' title='bbox 700 2747 734 2801; x_wconf 91' lang='lat' dir='ltr'><strong>et</strong></span> <span class='ocrx_word' id='word_1_171' title='bbox 747 2735 829 2802; x_wconf 87' lang='lat' dir='ltr'><strong>XVI</strong></span> <span class='ocrx_word' id='word_1_172' title='bbox 844 2734 922 2800; x_wconf 88' lang='lat' dir='ltr'><strong>citat</strong></span> <span class='ocrx_word' id='word_1_173' title='bbox 932 2731 1109 2800; x_wconf 89' lang='lat' dir='ltr'><strong>Charisius.</strong></span> <span class='ocrx_word' id='word_1_174' title='bbox 1122 2731 1171 2795; x_wconf 85' lang='lat' dir='ltr'><strong>Ex</strong></span> <span class='ocrx_word' id='word_1_175' title='bbox 1185 2727 1235 2794; x_wconf 90' lang='lat' dir='ltr'><strong>bis</strong></span> <span class='ocrx_word' id='word_1_176' title='bbox 1247 2727 1406 2794; x_wconf 71' lang='lat' dir='ltr'><strong>habemm</strong></span> 
     </span>
     <span class='ocr_line' id='line_1_23' title="bbox 357 2828 1406 2930; baseline -0.004 -28"><span class='ocrx_word' id='word_1_177' title='bbox 357 2837 472 2930; x_wconf 86' lang='lat' dir='ltr'><strong>viginti</strong></span> <span class='ocrx_word' id='word_1_178' title='bbox 493 2837 575 2906; x_wconf 91' lang='lat' dir='ltr'><strong>duos</strong></span> <span class='ocrx_word' id='word_1_179' title='bbox 598 2852 781 2906; x_wconf 82' lang='lat' dir='ltr'><strong>exterarum</strong></span> <span class='ocrx_word' id='word_1_180' title='bbox 805 2839 949 2930; x_wconf 90' lang='lat' dir='ltr'><strong>gentium</strong></span> <span class='ocrx_word' id='word_1_181' title='bbox 971 2837 1191 2929; x_wconf 86' lang='lat' dir='ltr'><strong>imperatores.</strong></span> <span class='ocrx_word' id='word_1_182' title='bbox 1218 2833 1343 2900; x_wconf 85' lang='lat' dir='ltr'><strong>Ceteris</strong></span> <span class='ocrx_word' id='word_1_183' title='bbox 1364 2828 1406 2898; x_wconf 95' lang='lat' dir='ltr'><strong>li-</strong></span> 
     </span>
     <span class='ocr_line' id='line_1_24' title="bbox 309 2935 1406 3036; baseline -0.002 -28"><span class='ocrx_word' id='word_1_184' title='bbox 309 2945 312 2952; x_wconf 83' lang='grc'><strong>’</strong></span> <span class='ocrx_word' id='word_1_185' title='bbox 357 2939 425 3010; x_wconf 89' lang='lat' dir='ltr'><strong>bris</strong></span> <span class='ocrx_word' id='word_1_186' title='bbox 443 2944 546 3036; x_wconf 84' lang='lat' dir='ltr'><strong>egisse</strong></span> <span class='ocrx_word' id='word_1_187' title='bbox 561 2941 602 3012; x_wconf 90' lang='lat' dir='ltr'><strong>de</strong></span> <span class='ocrx_word' id='word_1_188' title='bbox 624 2943 795 3028; x_wconf 91' lang='lat' dir='ltr'><strong>Romanis,</strong></span> <span class='ocrx_word' id='word_1_189' title='bbox 814 2941 884 3008; x_wconf 82' lang='lat' dir='ltr'><strong>haec</strong></span> <span class='ocrx_word' id='word_1_190' title='bbox 903 2941 972 3032; x_wconf 89' lang='lat' dir='ltr'><strong>ejus</strong></span> <span class='ocrx_word' id='word_1_191' title='bbox 986 2940 1088 3008; x_wconf 80' lang='lat' dir='ltr'><strong>verba</strong></span> <span class='ocrx_word' id='word_1_192' title='bbox 1107 2935 1285 3006; x_wconf 87' lang='lat' dir='ltr'><strong>ostendunt</strong></span> <span class='ocrx_word' id='word_1_193' title='bbox 1300 2937 1333 3003; x_wconf 91' lang='lat' dir='ltr'><strong>in</strong></span> <span class='ocrx_word' id='word_1_194' title='bbox 1352 2961 1406 3006; x_wconf 85' lang='lat' dir='ltr'><strong>ex·</strong></span> 
     </span>
     <span class='ocr_line' id='line_1_25' title="bbox 358 3040 1407 3139; baseline -0.002 -28"><span class='ocrx_word' id='word_1_195' title='bbox 358 3059 464 3114; x_wconf 87' lang='lat' dir='ltr'><strong>trema</strong></span> <span class='ocrx_word' id='word_1_196' title='bbox 478 3045 668 3116; x_wconf 88' lang='lat' dir='ltr'><strong>Hannibalis</strong></span> <span class='ocrx_word' id='word_1_197' title='bbox 685 3048 753 3114; x_wconf 87' lang='lat' dir='ltr'><strong>vita</strong></span> <span class='ocrx_word' id='word_1_198' title='bbox 773 3071 781 3114; x_wconf 74' lang='grc' dir='ltr'><strong><em>ε</em></strong></span> <span class='ocrx_word' id='word_1_199' title='bbox 804 3073 821 3108; x_wconf 77' lang='grc' dir='ltr'><strong>ι(</strong></span> <span class='ocrx_word' id='word_1_200' title='bbox 843 3044 906 3112; x_wconf 91' lang='lat' dir='ltr'><strong>Sed</strong></span> <span class='ocrx_word' id='word_1_201' title='bbox 924 3068 984 3114; x_wconf 91' lang='lat' dir='ltr'><strong>nos</strong></span> <span class='ocrx_word' id='word_1_202' title='bbox 1001 3060 1130 3139; x_wconf 88' lang='lat' dir='ltr'><strong>ternpus</strong></span> <span class='ocrx_word' id='word_1_203' title='bbox 1148 3057 1198 3112; x_wconf 88' lang='lat' dir='ltr'><strong>est</strong></span> <span class='ocrx_word' id='word_1_204' title='bbox 1218 3043 1316 3135; x_wconf 89' lang='lat' dir='ltr'><strong>hujus</strong></span> <span class='ocrx_word' id='word_1_205' title='bbox 1334 3040 1407 3110; x_wconf 91' lang='lat' dir='ltr'><strong>libri</strong></span> 
     </span>
     <span class='ocr_line' id='line_1_26' title="bbox 358 3145 1410 3245; baseline -0.003 -27"><span class='ocrx_word' id='word_1_206' title='bbox 358 3147 465 3218; x_wconf 83' lang='lat' dir='ltr'><strong>lacere</strong></span> <span class='ocrx_word' id='word_1_207' title='bbox 492 3151 609 3239; x_wconf 90' lang='lat' dir='ltr'><strong>linem,</strong></span> <span class='ocrx_word' id='word_1_208' title='bbox 640 3167 674 3221; x_wconf 89' lang='lat' dir='ltr'><strong>et</strong></span> <span class='ocrx_word' id='word_1_209' title='bbox 702 3153 928 3232; x_wconf 82' lang='lat' dir='ltr'><strong>Romanorum</strong></span> <span class='ocrx_word' id='word_1_210' title='bbox 960 3149 1123 3245; x_wconf 85' lang='lat' dir='ltr'><strong>explicare</strong></span> <span class='ocrx_word' id='word_1_211' title='bbox 1149 3150 1361 3244; x_wconf 86' lang='lat' dir='ltr'><strong>imperatores</strong></span> <span class='ocrx_word' id='word_1_212' title='bbox 1377 3145 1410 3235; x_wconf 77' lang='lat'><strong>²3</strong></span> 
     </span>
     <span class='ocr_line' id='line_1_27' title="bbox 357 3251 1407 3350; baseline -0.001 -27"><span class='ocrx_word' id='word_1_213' title='bbox 357 3277 423 3348; x_wconf 89' lang='lat' dir='ltr'><strong>quo</strong></span> <span class='ocrx_word' id='word_1_214' title='bbox 444 3253 591 3344; x_wconf 88' lang='lat' dir='ltr'><strong>facilius,</strong></span> <span class='ocrx_word' id='word_1_215' title='bbox 613 3254 740 3326; x_wconf 86' lang='lat' dir='ltr'><strong>collatis</strong></span> <span class='ocrx_word' id='word_1_216' title='bbox 761 3271 975 3350; x_wconf 88' lang='lat' dir='ltr'><strong>utrorumque</strong></span> <span class='ocrx_word' id='word_1_217' title='bbox 992 3255 1109 3342; x_wconf 87' lang='lat' dir='ltr'><strong>factis,</strong></span> <span class='ocrx_word' id='word_1_218' title='bbox 1129 3256 1186 3348; x_wconf 92' lang='lat' dir='ltr'><strong>qui</strong></span> <span class='ocrx_word' id='word_1_219' title='bbox 1212 3255 1273 3323; x_wconf 93' lang='lat' dir='ltr'><strong>viri</strong></span> <span class='ocrx_word' id='word_1_220' title='bbox 1292 3251 1378 3347; x_wconf 75' lang='lat' dir='ltr'><strong>praef</strong></span> <span class='ocrx_word' id='word_1_221' title='bbox 1393 3291 1407 3304; x_wconf 94' lang='lat'>·</span> 
     </span>
     <span class='ocr_line' id='line_1_28' title="bbox 357 3359 1407 3458; baseline 0 -31"><span class='ocrx_word' id='word_1_222' title='bbox 357 3359 450 3428; x_wconf 88' lang='lat' dir='ltr'><strong>rendi</strong></span> <span class='ocrx_word' id='word_1_223' title='bbox 466 3363 546 3449; x_wconf 88' lang='lat' dir='ltr'><strong>sint,</strong></span> <span class='ocrx_word' id='word_1_224' title='bbox 565 3363 669 3458; x_wconf 89' lang='lat' dir='ltr'><strong>possit</strong></span> <span class='ocrx_word' id='word_1_225' title='bbox 679 3363 852 3456; x_wconf 76' lang='lat' dir='ltr'><strong>judicari.»</strong></span> <span class='ocrx_word' id='word_1_226' title='bbox 867 3363 987 3456; x_wconf 91' lang='lat' dir='ltr'><strong>Operis</strong></span> <span class='ocrx_word' id='word_1_227' title='bbox 999 3362 1069 3454; x_wconf 89' lang='lat' dir='ltr'><strong>ejus</strong></span> <span class='ocrx_word' id='word_1_228' title='bbox 1085 3361 1226 3456; x_wconf 88' lang='lat' dir='ltr'><strong>genuina</strong></span> <span class='ocrx_word' id='word_1_229' title='bbox 1239 3361 1407 3454; x_wconf 88' lang='lat' dir='ltr'><strong>inscriptio</strong></span> 
     </span>
     <span class='ocr_line' id='line_1_29' title="bbox 357 3464 1406 3564; baseline -0.002 -30"><span class='ocrx_word' id='word_1_230' title='bbox 357 3480 447 3560; x_wconf 88' lang='lat' dir='ltr'><strong>patet</strong></span> <span class='ocrx_word' id='word_1_231' title='bbox 461 3494 501 3536; x_wconf 84' lang='lat' dir='ltr'><strong>ex</strong></span> <span class='ocrx_word' id='word_1_232' title='bbox 517 3466 640 3538; x_wconf 91' lang='lat' dir='ltr'><strong>ultimis</strong></span> <span class='ocrx_word' id='word_1_233' title='bbox 653 3469 741 3539; x_wconf 90' lang='lat' dir='ltr'><strong>hisce</strong></span> <span class='ocrx_word' id='word_1_234' title='bbox 758 3466 955 3564; x_wconf 77' lang='lat' dir='ltr'><strong>praefationis</strong></span> <span class='ocrx_word' id='word_1_235' title='bbox 972 3469 1081 3536; x_wconf 87' lang='lat' dir='ltr'><strong>verbis</strong></span> <span class='ocrx_word' id='word_1_236' title='bbox 1096 3492 1104 3535; x_wconf 75' lang='grc' dir='ltr'><strong><em>ε</em></strong></span> <span class='ocrx_word' id='word_1_237' title='bbox 1121 3469 1261 3556; x_wconf 75' lang='lat' dir='ltr'><strong>«Quare</strong></span> <span class='ocrx_word' id='word_1_238' title='bbox 1276 3464 1317 3535; x_wconf 91' lang='lat' dir='ltr'><strong>ad</strong></span> <span class='ocrx_word' id='word_1_239' title='bbox 1330 3490 1406 3560; x_wconf 93' lang='lat' dir='ltr'><strong>pro-</strong></span> 
     </span>
     <span class='ocr_line' id='line_1_30' title="bbox 357 3571 1406 3668; baseline -0.002 -28"><span class='ocrx_word' id='word_1_240' title='bbox 357 3574 500 3666; x_wconf 90' lang='lat' dir='ltr'><strong>positum</strong></span> <span class='ocrx_word' id='word_1_241' title='bbox 515 3575 703 3662; x_wconf 89' lang='lat' dir='ltr'><strong>veniemus,</strong></span> <span class='ocrx_word' id='word_1_242' title='bbox 719 3589 753 3643; x_wconf 90' lang='lat' dir='ltr'><strong>et</strong></span> <span class='ocrx_word' id='word_1_243' title='bbox 769 3577 802 3643; x_wconf 93' lang='lat' dir='ltr'><strong>in</strong></span> <span class='ocrx_word' id='word_1_244' title='bbox 817 3574 882 3644; x_wconf 91' lang='lat' dir='ltr'><strong>hoc</strong></span> <span class='ocrx_word' id='word_1_245' title='bbox 903 3598 1103 3668; x_wconf 80' lang='lat' dir='ltr'><strong>exponemus</strong></span> <span class='ocrx_word' id='word_1_246' title='bbox 1122 3571 1206 3642; x_wconf 91' lang='lat' dir='ltr'><strong>libro</strong></span> <span class='ocrx_word' id='word_1_247' title='bbox 1226 3595 1327 3642; x_wconf 78' lang='lat' dir='ltr'><strong>vrras</strong></span> <span class='ocrx_word' id='word_1_248' title='bbox 1344 3595 1406 3640; x_wconf 81' lang='lat' dir='ltr'><strong>sx-</strong></span> 
     </span>
     <span class='ocr_line' id='line_1_31' title="bbox 356 3681 1406 3775; baseline -0.005 -27"><span class='ocrx_word' id='word_1_249' title='bbox 356 3701 583 3750; x_wconf 75' lang='lat' dir='ltr'><strong>cnnannnmns</strong></span> <span class='ocrx_word' id='word_1_250' title='bbox 593 3703 864 3750; x_wconf 75' lang='lat' dir='ltr'><strong>lmenuanonnu.</strong></span> <span class='ocrx_word' id='word_1_251' title='bbox 881 3709 899 3744; x_wconf 78' lang='lat' dir='ltr'><strong>n</strong></span> <span class='ocrx_word' id='word_1_252' title='bbox 911 3683 1033 3750; x_wconf 78' lang='lat' dir='ltr'><strong>Praeter</strong></span> <span class='ocrx_word' id='word_1_253' title='bbox 1039 3681 1251 3775; x_wconf 85' lang='lat' dir='ltr'><strong>imperatores</strong></span> <span class='ocrx_word' id='word_1_254' title='bbox 1260 3699 1406 3746; x_wconf 89' lang='lat' dir='ltr'><strong>seorsum</strong></span> 
     </span>
     <span class='ocr_line' id='line_1_32' title="bbox 357 3781 1406 3881; baseline -0.002 -30"><span class='ocrx_word' id='word_1_255' title='bbox 357 3808 506 3856; x_wconf 85' lang='lat' dir='ltr'><strong>exarasse</strong></span> <span class='ocrx_word' id='word_1_256' title='bbox 527 3781 645 3856; x_wconf 92' lang='lat' dir='ltr'><strong>librum</strong></span> <span class='ocrx_word' id='word_1_257' title='bbox 664 3785 705 3856; x_wconf 90' lang='lat' dir='ltr'><strong>de</strong></span> <span class='ocrx_word' id='word_1_258' title='bbox 720 3785 885 3880; x_wconf 89' lang='lat' dir='ltr'><strong>Regibus,</strong></span> <span class='ocrx_word' id='word_1_259' title='bbox 899 3800 1092 3881; x_wconf 87' lang='lat' dir='ltr'><strong>argumento</strong></span> <span class='ocrx_word' id='word_1_260' title='bbox 1113 3785 1183 3854; x_wconf 81' lang='lat' dir='ltr'><strong>haec</strong></span> <span class='ocrx_word' id='word_1_261' title='bbox 1204 3795 1316 3869; x_wconf 89' lang='lat' dir='ltr'><strong>erunt,</strong></span> <span class='ocrx_word' id='word_1_262' title='bbox 1334 3806 1406 3875; x_wconf 86' lang='lat' dir='ltr'><strong>quae</strong></span> 
     </span>
    </p>
   </div>
   <div class='ocr_carea' id='block_1_3' title="bbox 357 3965 1406 4200">
    <p class='ocr_par' dir='ltr' id='par_1_3' title="bbox 357 3965 1406 4200">
     <span class='ocr_line' id='line_1_33' title="bbox 401 3965 1403 4039; baseline -0.005 -20"><span class='ocrx_word' id='word_1_263' title='bbox 401 3987 426 4019; x_wconf 75' lang='lat' dir='ltr'><strong>a.</strong></span> <span class='ocrx_word' id='word_1_264' title='bbox 444 3968 477 4020; x_wconf 93' lang='lat' dir='ltr'><strong>In</strong></span> <span class='ocrx_word' id='word_1_265' title='bbox 489 3967 584 4039; x_wconf 84' lang='lat' dir='ltr'><strong>quibus</strong></span> <span class='ocrx_word' id='word_1_266' title='bbox 597 3979 653 4022; x_wconf 80' lang='lat' dir='ltr'><strong>erat</strong></span> <span class='ocrx_word' id='word_1_267' title='bbox 665 3979 691 4021; x_wconf 82' lang='lat' dir='ltr'><strong>et</strong></span> <span class='ocrx_word' id='word_1_268' title='bbox 704 3967 790 4021; x_wconf 81' lang='lat' dir='ltr'><strong>Julius</strong></span> <span class='ocrx_word' id='word_1_269' title='bbox 803 3967 861 4021; x_wconf 77' lang='lat' dir='ltr'><strong>Cre·</strong></span> <span class='ocrx_word' id='word_1_270' title='bbox 904 3965 1333 4038; x_wconf 81' lang='lat' dir='ltr'><strong>culi,DeOrlginibuererum‚p.</strong></span> <span class='ocrx_word' id='word_1_271' title='bbox 1353 3979 1403 4032; x_wconf 87' lang='lat'><strong>17:</strong></span> 
     </span>
     <span class='ocr_line' id='line_1_34' title="bbox 358 4042 1406 4119; baseline -0.006 -21"><span class='ocrx_word' id='word_1_272' title='bbox 358 4061 415 4110; x_wconf 75' lang='lat' dir='ltr'><strong>aar,</strong></span> <span class='ocrx_word' id='word_1_273' title='bbox 426 4057 491 4099; x_wconf 80' lang='lat' dir='ltr'><strong>teste</strong></span> <span class='ocrx_word' id='word_1_274' title='bbox 501 4047 634 4101; x_wconf 86' lang='lat' dir='ltr'><strong>Gulielmo</strong></span> <span class='ocrx_word' id='word_1_275' title='bbox 647 4047 794 4119; x_wconf 78' lang='lat' dir='ltr'><strong>Postregioo</strong></span> <span class='ocrx_word' id='word_1_276' title='bbox 806 4047 861 4098; x_wconf 84' lang='lat' dir='ltr'><strong>Ve·</strong></span> <span class='ocrx_word' id='word_1_277' title='bbox 909 4071 920 4095; x_wconf 83' lang='grc' dir='ltr'>ι</span> <span class='ocrx_word' id='word_1_278' title='bbox 936 4045 1045 4118; x_wconf 85' lang='lat' dir='ltr'><strong>Scripsit</strong></span> <span class='ocrx_word' id='word_1_279' title='bbox 1068 4057 1095 4098; x_wconf 84' lang='lat' dir='ltr'><strong>et</strong></span> <span class='ocrx_word' id='word_1_280' title='bbox 1112 4045 1176 4097; x_wconf 89' lang='lat' dir='ltr'><strong>Julii</strong></span> <span class='ocrx_word' id='word_1_281' title='bbox 1194 4045 1259 4096; x_wconf 77' lang='lat' dir='ltr'><strong>Caes.</strong></span> <span class='ocrx_word' id='word_1_282' title='bbox 1279 4042 1360 4093; x_wconf 77' lang='lat' dir='ltr'><strong>vitam</strong></span> <span class='ocrx_word' id='word_1_283' title='bbox 1379 4053 1406 4093; x_wconf 86' lang='lat' dir='ltr'><strong>et</strong></span> 
     </span>
     <span class='ocr_line' id='line_1_35' title="bbox 357 4121 1403 4200; baseline -0.006 -21"><span class='ocrx_word' id='word_1_284' title='bbox 357 4124 482 4193; x_wconf 79' lang='lat' dir='ltr'><strong>rocensi,</strong></span> <span class='ocrx_word' id='word_1_285' title='bbox 497 4125 606 4182; x_wconf 85' lang='lat' dir='ltr'><strong>homine</strong></span> <span class='ocrx_word' id='word_1_286' title='bbox 618 4126 800 4200; x_wconf 80' lang='lat' dir='ltr'><strong>qrrsrtidecimi</strong></span> <span class='ocrx_word' id='word_1_287' title='bbox 814 4143 861 4182; x_wconf 67' lang='lat' dir='ltr'><strong>sn·</strong></span> <span class='ocrx_word' id='word_1_288' title='bbox 906 4137 1039 4198; x_wconf 81' lang='lat' dir='ltr'><strong>tempora,</strong></span> <span class='ocrx_word' id='word_1_289' title='bbox 1050 4127 1124 4194; x_wconf 81' lang='lat' dir='ltr'><strong>eujus</strong></span> <span class='ocrx_word' id='word_1_290' title='bbox 1133 4121 1205 4178; x_wconf 77' lang='lat' dir='ltr'><strong>lnlsit</strong></span> <span class='ocrx_word' id='word_1_291' title='bbox 1216 4121 1403 4194; x_wconf 77' lang='lat' dir='ltr'><strong>temporibus.-</strong></span> 
     </span>
    </p>
   </div>
   <div class='ocr_carea' id='block_1_4' title="bbox 0 0 1604 5120">
    <p class='ocr_par' dir='ltr' id='par_1_4' title="bbox 0 0 1604 5120">
     <span class='ocr_line' id='line_1_36' title="bbox 0 0 1604 5120; baseline 0 0"><span class='ocrx_word' id='word_1_292' title='bbox 0 0 1604 5120; x_wconf 95' lang='lat' dir='ltr'><strong> </strong></span> 
     </span>
    </p>
   </div>
  </div>
 </body>
</html>
