3200 5130
480 499 482 504 ’
522 499 877 575 ALCIBIADES·
1182 511 1230 584 83

168 643 250 711 sium
267 641 301 706 iu
328 652 449 706 terram
465 637 654 731 ‘predatum
683 641 801 727 exisse,
825 655 992 735 navesque
1011 667 1094 737 pene
1120 645 1232 716 inanes

169 745 315 830 relictas,
330 759 460 838 tempus
487 745 533 811 rei
555 743 705 839 gerendae
728 769 796 814 non
817 745 958 835 dimisit,
978 773 1084 843 eoque
1106 753 1232 846 impetu

169 847 275 921 totum
292 849 414 918 bellum
435 847 564 919 delevit.

220 961 281 1026 tx.
301 959 345 1025 At
364 955 564 1043 Alcibiades,
583 956 679 1024 victis
696 957 970 1046 Atheniensibus,
988 984 1055 1028 non
1070 965 1147 1032 satis
1161 978 1232 1034 tuta

169 1063 283 1132 eadem
304 1062 377 1131 loca
396 1061 456 1131 sibi
476 1062 669 1148 arbitratus,
685 1065 815 1157 penitus
832 1066 865 1131 in
879 1064 1053 1134 Thraciam
1078 1094 1113 1136 se
1133 1095 1233 1164 supra

170 1169 405 1264 Propontidem
418 1167 572 1254 abdidit¹,
583 1192 717 1261 sperans
732 1168 777 1236 ibi
789 1167 942 1238 facillime
955 1163 1047 1240 suam
1063 1172 1231 1246 fortunam

170 1275 275 1345 occuli
298 1299 419 1370 posse:
441 1273 532 1343 falso.
556 1275 644 1344 Nam
663 1273 830 1360 Thraces,
853 1289 1027 1371 postquam
1051 1303 1127 1347 eum
1155 1303 1231 1350 cum

170 1405 290 1476 magna
311 1381 452 1476 pecunia
478 1383 605 1448 venisse
628 1395 821 1468 senserunt,
846 1380 979 1451 insidias
1007 1387 1037 1452 ei
1059 1384 1231 1457 lecerunt:

170 1491 224 1582 qui
247 1511 307 1576 ea,
328 1511 401 1582 quae
422 1500 632 1581 apportarat,
650 1485 879 1574 abstulenmt,
897 1490 1005 1581 ipsum
1025 1515 1142 1586 capere
1165 1519 1232 1562 non

170 1608 359 1688 potuerunt.
386 1593 447 1662 llle
478 1615 640 1676 cernens,
670 1589 798 1661 nullum
830 1591 939 1662 locum
968 1595 1028 1665 sibi
1056 1609 1166 1667 tutum
1198 1604 1232 1667 in

171 1701 299 1770 Graecia
326 1713 462 1794 propter
486 1700 667 1793 potentiam
690 1699 1014 1768 Lacedaemoniorum
1023 1701 1047 1788 ²,
1068 1703 1109 1772 ad
1131 1705 1233 1774 Phar·

170 1806 333 1874 nabazum
355 1808 388 1873 in
410 1807 520 1875 Asiam
538 1807 677 1874 transiit.
697 1806 806 1894 Quem
825 1806 957 1900 quidem
976 1807 1059 1876 adeo
1075 1835 1134 1878 sua
1146 1815 1234 1905 cepit

169 1895 407 1998 humanitate³,
417 1924 455 1979 ut
463 1935 539 1979 eum
549 1936 647 1978 nemo
655 1913 688 1977 in
701 1913 843 1980 amicitia
853 1911 1069 1994 antecederet.
1081 1917 1234 2011 Namque

169 2021 198 2086 ei
218 2021 385 2088 Grunium
407 2017 561 2105 dederat,
583 2019 617 2084 in
640 2017 783 2110 Phrygia
805 2030 969 2106 castrum,
988 2045 1029 2090 ex
1050 2046 1117 2114 quo
1134 2026 1234 2117 quin-

169 2147 320 2220 quagena
333 2122 454 2193 talenta
466 2123 632 2218 vectigalis
645 2123 802 2217 capiebat.
814 2125 891 2212 Qua
905 2123 1038 2192 fortuna
1049 2127 1233 2198 Alcibiades

171 2255 238 2300 non
253 2244 326 2300 erat
346 2239 538 2316 contentus,
558 2253 666 2324 neque
687 2227 833 2298 Athenas
855 2225 957 2300 v'ictas
977 2232 1233 2304 Lacedaemoniis

171 2339 294 2405 servire
313 2351 445 2431 poterat
465 2337 543 2430 pati'.
563 2337 679 2432 Itaque
701 2333 743 2404 ad
761 2337 901 2429 patriam
923 2335 1124 2406 liberandam
1143 2343 1234 2410 omni

170 2441 338 2512 serebatur
351 2435 558 2537 cogitatione.
575 2441 640 2509 Sed
658 2441 791 2510 videbat
811 2441 843 2508 id
860 2445 929 2510 sine
947 2432 1044 2537 rege⁴
1058 2447 1230 2514 Persarum

170 2642 339 2715 Xenophon,
359 2643 403 2706 113
429 2640 580 2706 Diodorus,
597 2639 695 2706 xm„
722 2639 939 2694 transfretassent.
956 2641 1035 2696 Unde
1053 2643 1232 2712 Claudianus,

172 2741 225 2793 71,
246 2735 274 2776 et
291 2721 444 2793 Polyaenus,
467 2723 488 2776 Ι.
517 2721 622 2774 Bostus.
638 2740 680 2764 -a
722 2717 1024 2791 quuerop.11‚247:

173 2803 201 2850 V
198 2803 280 2872 ulgwn
287 2799 474 2854 Atlreniensium.
485 2800 626 2871 Gregarios
633 2799 680 2850 mi·
721 2792 876 2849 'thysamnus
883 2807 948 2842 “mv
957 2809 999 2848 Ψ*
1006 2812 1058 2837 nune
1066 2799 1155 2852 Bithyni·
1162 2799 1232 2841 lenus·

171 2881 237 2934 lites.
247 2881 453 2934 ltsinllomero
462 2879 678 2940 diciturtea's.-
721 2875 797 2930 Adde
818 2875 885 2928 Plin.
906 2878 937 2941 1,
950 2878 995 2930 31.
1023 2911 1049 2920 -
1066 2879 1230 2948 Suamsorm.

170 2959 312 3014 Prakes
328 2966 412 3013 estus.
431 2961 599 3013 commeatus
614 2975 678 3012 eou-
722 2975 786 3008 naar.
799 2957 871 3027 opes
880 2957 986 3009 scilicetr

170 3039 296 3113 quirendi
309 3059 399 3104 caasa,
414 3041 442 3091 in
458 3051 555 3092 terram
570 3035 680 3090 deseen-
731 3057 736 3064 ·
764 3053 789 3090 s.
811 3037 915 3108 Propter
926 3041 1057 3107 potentum
1077 3039 1228 3094 meam

171 3119 248 3175 disse.
261 3150 302 3164 -
310 3119 396 3194 quue
408 3111 496 3190 impeiri
506 3122 580 3169 rothe
594 3115 678 3168 bellua
721 3119 822 3169 ntorum.
830 3114 1010 3180 Qui,dsrictis
1015 3117 1229 3187 Atheniensibus,

172 3201 265 3255 debut.
273 3187 679 3271 Esquerepentineaggressione
721 3207 748 3248 et
758 3173 834 3248 teria
846 3197 961 3248 etmeris
974 3197 1115 3268 imperium
1126 3200 1229 3254 obtine·

172 3279 271 3334 bellum
285 3278 391 3352 penitus
404 3277 532 3341 coniecit,
546 3277 679 3348 plerisque
721 3275 884 3328 tuna—11·
896 3274 991 3328 Aeriam.
1000 3275 1102 3349 Nempe
1109 3278 1136 3330 in
1146 3277 1230 3352 Phry·

171 3361 282 3413 neribus
293 3358 389 3432 captis,
401 3358 491 3410 mattis
501 3357 579 3412 fflem
591 3355 680 3408 militi·
721 3355 803 3425 giem,
811 3355 838 3406 in
850 3373 902 3428 qna
915 3367 984 3424 tum,
993 3353 1134 3410 Plutarcho
1147 3372 1232 3426 teste,

171 3430 677 3510 bosreloeptisveloccisls.Cl'.Plotly.
721 3445 778 3486 eret
792 3432 992 3500 Pharnabazus,
1003 3453 1057 3506 quo
1070 3435 1192 3508 adjutore
1202 3452 1229 3493 et

211 3520 274 3572 Ger.
291 3520 340 3572 IX.
357 3535 383 3570 ι.
397 3519 498 3569 Pensm
511 3520 536 3567 in
551 3516 679 3569 Thraciam
721 3513 865 3584 interprete
874 3515 995 3586 sperabat
1007 3516 1078 3582 iore,
1090 3529 1121 3570 ut
1132 3519 1183 3570 sibi
1194 3517 1233 3572 ιδ’

171 3595 675 3669 sesupml’mponn'demaddr'dr'ssleibie‘-
720 3594 892 3646 Artaxer-xero
907 3605 1008 3664 peteret
1022 3594 1116 3649 editus.
1230 3617 1234 3626 ·

170 3677 233 3730 ἆοιιι
248 3677 442 3748 inllithyniem
451 3674 678 3750 profugissem·
763 3674 789 3725 3.
822 3673 894 3726 Adeo
919 3693 964 3725 ersa
987 3677 1051 3744 cepr't
1072 3675 1233 3730 hunanitas

170 3775 222 3832 que
242 3755 420 3812 e'l'hrecibns
439 3755 518 3808 l'uisse
537 3754 678 3826 spoliatum
721 3752 771 3804 seu
786 3753 876 3822 potius
890 3751 1015 3823 singulari
1029 3753 1142 3824 quadam
1155 3757 1184 3808 vi
1198 3757 1227 3809 in

170 3838 252 3892 tradit
263 3836 430 3890 Plutarchus.
445 3832 526 3901 Quod
537 3849 591 3886 non
604 3852 680 3905 pror·
721 3831 815 3884 animis
830 3831 880 3884 sibi
903 3831 1094 3897 conciliandi„
1116 3832 1150 3887 de
1174 3853 1226 3907 que

171 3936 214 3972 eus
233 3917 375 3989 eNepotis
388 3925 479 3988 mente,
495 3913 609 3966 ahenum
629 3925 676 3966 est.
720 3909 796 3983 plura
812 3911 1011 3981 stanneum.
1031 3919 1139 3976 eluet
1152 3931 1226 3988 seqq.

171 3997 240 4052 Nem
254 4009 281 4050 et
294 3997 411 4050 'l'nraees
427 3991 560 4066 Bithyniae
576 4003 677 4063 partem
765 3997 792 4054 4.
831 3989 896 4058 linge
922 3990 1058 4044 Per-saeros.
1086 3993 1235 4050 Artaxerxe
1280 4009 1291 4026 ·

170 4077 321 4131 incolebant
331 4117 338 4142 ,
352 4085 431 4148 atque
441 4074 493 4148 ipsi
507 4071 621 4126 Threces
632 4073 677 4124 Bi·
720 4069 876 4144 Haemone,
887 4069 933 4140 qui
943 4108 951 4135 ,
962 4065 1034 4142 Cym
1046 4071 1128 4125 fretae
1140 4075 1225 4142 victo,

170 4155 248 4228 thyrsi
272 4155 355 4221 dieti,
371 4167 513 4228 postqum
536 4153 564 4206 iu
589 4151 677 4206 Asiam
721 4151 803 4204 unio
816 4147 885 4220 petri
898 4163 1064 4206 successerat.
1076 4152 1225 4208 Tsscsucx.

1001 4253 1043 4325 6,
