3200 5120
573 469 638 536 ET
663 469 890 537 JUDICIA.
1204 497 1271 546 nur

200 601 319 673 dubito
337 598 409 670 sore
427 595 620 692 plerosque,
637 600 767 687 Attice,
783 615 889 688 etc.,»
911 614 946 668 et
964 624 1005 670 ex
1022 600 1090 670 vita
1111 605 1266 697 Catonis,

201 707 278 776 illa:
296 705 432 800 «Hujus
446 704 489 773 dc
501 705 571 773 vita
585 718 620 774 et
632 706 780 775 moribus
794 706 890 801 plura
904 707 937 776 in
949 733 989 776 eo
1001 705 1087 777 libro
1101 715 1265 804 persecuti

201 837 335 901 sumus,
352 833 453 906 quem
475 813 651 906 separatim
672 811 714 882 de
733 837 772 883 eo
795 812 947 901 fecimus,
969 829 1088 908 rogatu
1107 818 1145 884 T.
1163 819 1265 888 Porn-

206 921 298 1014 ponii
319 918 439 1005 Attici,
460 931 540 1007 etc,
557 947 575 984 s
600 917 693 1010 cujus
714 918 846 1012 quidem
870 917 944 988 libri
966 915 1206 1015 fragmentum,
1228 949 1268 994 ex

205 1023 361 1096 Cornelio
382 1025 536 1119 Nepote,
558 1021 692 1092 laudare
713 1025 844 1094 videtur
865 1023 1007 1113 Gellius,
1026 1023 1080 1095 lib.
1103 1030 1171 1115 XI,
1193 1055 1264 1126 cap.

206 1131 240 1202 8.
259 1133 422 1200 Praeterea
444 1129 548 1200 libros
564 1131 607 1200 de
626 1135 717 1200 Viris
740 1131 942 1219 ἰίἱωινίὂω,
967 1145 1116 1200 veterum
1136 1137 1267 1230 scriptis

184 1235 367 1322 celebres,
388 1237 446 1331 qui
466 1237 589 1331 Nepoti
613 1236 822 1325 tribuuntur,
847 1237 889 1306 ab
916 1237 1014 1331 hujus
1036 1237 1112 1306 libri
1131 1256 1266 1312 auctore

201 1342 373 1414 conlectos
388 1367 474 1430 esse,
487 1345 564 1412 satis
578 1357 717 1438 apparet
729 1367 770 1412 cx
781 1343 847 1412 fine
861 1342 1053 1414 Hannibalis
1066 1346 1158 1414 vitae:
1173 1375 1191 1410 c
1202 1345 1268 1418 Sed

202 1474 266 1520 nos
282 1463 413 1545 tempus
433 1463 500 1537 est,
511 1448 609 1543 hujus
621 1447 706 1518 ‘libri
727 1449 836 1520 lacere
857 1449 973 1537 finem,
991 1465 1025 1520 et
1038 1452 1266 1524 Romanorum

201 1555 369 1652 explicare
394 1558 630 1650 imperatores,
648 1579 714 1650 quo
734 1555 879 1644 facilius,
900 1554 1026 1626 collatis
1050 1571 1266 1654 utrorumque

202 1661 320 1749 factis,
341 1663 398 1756 qui
421 1663 484 1732 viri
503 1660 698 1757 praeferendi
725 1663 810 1749 sint,
829 1663 932 1756 possit
948 1662 1096 1756 judicari.
1115 1693 1132 1728 n
1161 1667 1268 1736 Tanta

201 1770 302 1838 etiarn
315 1770 461 1838 suavitas
472 1781 522 1838 est
536 1769 698 1840 sermonis
713 1769 837 1856 Latini,
851 1783 889 1838 ut
902 1782 1073 1864 appareat,
1085 1771 1119 1837 in
1133 1794 1173 1839 eo
1183 1773 1266 1842 nati·

203 1899 282 1944 vum
300 1874 476 1969 quemdam
499 1873 645 1970 leporem
665 1897 756 1962 esse,
776 1899 844 1944 non
861 1873 1038 1960 adscitum,
1060 1876 1173 1968 etjam
1194 1903 1265 1948 aevo

201 1979 379 2052 ‘lheodosii
400 1980 557 2068 desitum,
572 2006 639 2074 quo
652 2005 721 2049 non
735 2005 854 2074 parum
869 1978 1025 2050 inclinata
1040 1994 1113 2050 erat
1128 1985 1267 2055 latiaris

202 2085 397 2181 eloquentia.
423 2089 600 2158 AEmr'lr'um
616 2101 727 2156 autem
745 2087 913 2174 Probum,
937 2087 1031 2180 cujus
1052 2090 1186 2158 nomine
1201 2091 1266 2160 cir-

202 2192 388 2263 cumfertur
407 2193 462 2262 hic'
481 2191 583 2281 liber,
606 2193 791 2264 Theodosio
813 2208 972 2288 regnante
994 2193 1127 2282 vixisse,
1146 2209 1180 2264 ct
1200 2196 1267 2266 hu-

198 2299 292 2392 jusce
309 2299 386 2368 libri
402 2301 637 2394 exscriptorem
657 2301 767 2394 potius
781 2325 875 2387 esse„
886 2325 985 2394 quam
1005 2314 1194 2390 auctorem,
1207 2326 1266 2396 pa·

201 2419 250 2474 tet
266 2430 309 2476 ex
328 2405 380 2476 bis
396 2405 546 2476 versibus
567 2431 575 2474 ε
599 2406 700 2476 Vade
720 2406 823 2494 liber,
839 2419 905 2476 etc.
929 2399 984 2501 (p.
1004 2400 1083 2497 xx).
1105 2408 1168 2474 llic
1184 2431 1265 2502 ergo

201 2535 262 2580 suo
277 2515 407 2583 auctori
425 2513 599 2600 reddatur,
615 2536 714 2606 quern
729 2513 795 2582 sibi·
807 2515 910 2582 Com.
930 2514 1044 2607 Nepos
1059 2513 1149 2606 justo
1169 2513 1265 2584 titulo

202 2618 533 2714 vindicat‚quemque
548 2643 661 2689 coaevo
677 2643 737 2690 suo
748 2632 782 2688 et
794 2617 946 2688 familiari
958 2621 1141 2713 Pomponio
1155 2621 1265 2690 Attico

201 2721 312 2812 dedit,
333 2726 427 2819 cujus
455 2727 553 2796 etiam
579 2741 698 2820 rogatu
723 2727 824 2794 vitam
847 2726 894 2793 M.
925 2726 1060 2793 Catonis
1088 2727 1265 2818 seperatim

202 2831 350 2924 scripsit,
361 2846 395 2900 et
405 2829 450 2901 illi
461 2845 643 2927 superstes,
654 2831 928 2926 elegantissimam
939 2829 1084 2923 ejusdem
1099 2831 1174 2898 vitae
1186 2855 1264 2900 con·

202 2937 410 3008 suetudinem
420 2936 662 3034 elegantiapari
672 2950 868 3033 prosecutus
879 2950 937 3007 est.
944 2938 1068 3006 Praeter
1082 2936 1261 3026 Chronica,

199 3041 305 3112 libror
325 3045 571 3140 Exemplorum
576 3099 587 3132 ,
606 3044 650 3113 de
667 3049 759 3114 Viris
776 3041 978 3130 medus,
993 3055 1027 3110 et
1044 3041 1088 3112 de
1100 3046 1176 3111 vita
1192 3045 1262 3114 Ca·

200 3154 310 3239 tomi,
328 3146 449 3244 librum
465 3175 501 3220 se
518 3151 561 3220 de
577 3151 745 3220 historicis
765 3153 896 3220 Groecir
913 3149 1144 3243 conscripsisse
1161 3163 1263 3219 testa-

202 3269 256 3324 tur
273 3257 308 3324 in
323 3257 450 3326 Dione:
468 3285 485 3320 α
500 3255 565 3326 Sed
576 3255 619 3326 de
637 3255 701 3326 hoc
714 3257 747 3322 in
758 3279 798 3324 eo
812 3279 888 3324 meo
905 3252 989 3324 libro
1002 3252 1099 3348 plura
1115 3268 1192 3322 sunt
1208 3279 1263 3325 ex·

200 3361 329 3454 posita,
351 3363 409 3456 qui
426 3361 474 3431 ‘de
494 3362 659 3432 historicis
687 3362 811 3430 Graecis
832 3361 1040 3453 conscriptus
1063 3373 1121 3428 est.
1145 3391 1162 3426 n
1188 3351 1263 3446 (Sic

200 3469 288 3536 enim
306 3491 347 3536 ex
373 3469 468 3538 MSS.
489 3468 580 3539 bone
600 3466 666 3537 fide
687 3458 861 3562 supplevi)
881 3481 979 3560 atque
1001 3463 1139 3535 alterurn
1162 3465 1266 3536 edidit

200 3571 243 3642 de
263 3575 397 3644 [atheis
416 3574 610 3660 hittonem,
641 3597 681 3642 err
705 3597 772 3666 quo
794 3587 950 3667 excerpta
980 3595 1049 3640 esse
1078 3569 1264 3664 fragmenta

200 3677 380 3766 Comebae,
401 3681 630 3750 Gracchorum
646 3679 791 3765 matris,
813 3677 937 3750 Gifanii
951 3677 1076 3746 ⁴codice
1093 3676 1262 3770 probatur.

200 3784 302 3872 Quod
319 3784 362 3854 ad
376 3787 508 3858 Daretis
524 3785 657 3880 Phrygii
676 3784 865 3872 historiam,
878 3807 977 3878 quam
989 3807 1009 3850 a
1022 3785 1123 3852 Corn.
1133 3783 1264 3877 Nepote

199 3891 318 3960 Latine
326 3890 752 3978 redditam,Volaterranus
763 3905 797 3958 et
807 3887 861 3957 alii
871 3885 1265 3982 tradiderunt,elegantia

198 3995 273 4088 styli
285 4000 394 4091 potius
412 3997 517 4086 ducti,
531 4021 631 4091 quarn
645 4011 736 4067 certa
749 3997 892 4083 ratione,
904 3993 1015 4088 dispar
1033 3992 1135 4086 stylus
1153 4011 1217 4083 est,
1231 4011 1265 4066 et

193 4099 361 4176 dissimilis
381 4105 517 4199 genius,
538 4118 589 4190 et,
614 4105 641 4174 si
660 4103 739 4198 quid
755 4103 789 4172 in
808 4126 860 4175 me
876 4099 1008 4195 judicii,
1029 4101 1129 4170 Corn.
1151 4103 1265 4198 Nepos

1029 4219 1081 4301 Di
