3282 5156
499 507 949 578 ousssvsmouns.
1180 508 1249 598 341

196 633 272 710 quod
284 633 336 688 alio
344 632 404 689 loco
412 633 493 688 tradit
503 634 667 701 Herodotus,
681 637 700 690 l.
707 637 760 700 1x,
768 656 796 709 p.
808 637 1002 709 596,pugnam
1010 635 1160 694 describens
1167 641 1259 696 Plate-

196 735 295 770 ensem.
317 713 459 770 contentio
476 715 546 768 enini
568 716 620 768 luit
642 729 701 769 ante
722 716 790 770 hanc
808 736 923 787 pugnam
944 718 1014 770 inter
1036 717 1208 774 Athenienses
1229 736 1256 775 et

201 796 341 867 Tegeates,
362 794 421 866 quis
435 794 548 866 populus
563 796 674 848 alterum
694 808 796 849 teneret
809 813 902 850 cornu.
923 797 1102 868 Opponebant
1114 799 1256 870 Tegeatum

200 874 361 946 argumentis
373 873 558 938 Athenienses,
578 893 605 926 se
619 893 707 946 pugna
719 875 886 929 Marathonia
898 876 990 928 vicisse
1011 879 1047 940 46
1060 877 1188 932 nationes.
1212 881 1256 933 Oh

200 954 283 1024 hujus
296 954 335 1007 rei
350 953 446 1006 lamam
459 954 566 1008 antelati
581 967 642 1007 sunt
656 955 841 1021 Athenienses,
852 953 1030 1026 judicantibus
1043 954 1255 1012 lacedemoniis.

240 1033 276 1086 V.
291 1034 323 1086 In
336 1032 391 1086 vita
409 1033 571 1086 Themistoclis
585 1051 600 1086 a
614 1033 738 1087 Cornelio
756 1032 886 1106 descripta
899 1053 954 1088 non
969 1036 1066 1088 notabo
1082 1055 1125 1102 ea,
1139 1055 1197 1107 quse
1212 1037 1256 1090 ille

201 1112 376 1184 praetenuisit
396 1113 479 1166 Decet
492 1113 564 1166 enim
582 1113 773 1186 biographum,
791 1113 853 1185 qui,
870 1126 900 1166 ut
914 1114 969 1186 ipse
984 1115 1033 1167 alia
1044 1116 1178 1168 occasione
1194 1135 1256 1188 pro·

198 1192 306 1256 litetur,
325 1209 438 1245 summes
457 1205 559 1246 tantum
575 1211 664 1244 rerum
683 1193 810 1265 attingere
827 1193 930 1258 soluit,
949 1195 1030 1247 multa
1046 1195 1253 1264 pretermittere.

195 1271 239 1323 Ec
250 1270 363 1342 amplior
370 1271 435 1336 luit,
446 1290 479 1324 ex
490 1272 610 1325 instituto
616 1289 680 1336 suo,
693 1272 902 1326 inThemistocle
912 1270 1085 1326 describendo
1090 1274 1254 1330 Plutarchus.

193 1351 270 1402 Duos
283 1362 384 1403 tantum
396 1351 469 1404 locos
477 1350 569 1422 selegi,
585 1351 613 1403 iu
629 1351 724 1422 quibus
737 1370 835 1406 errasse
846 1351 1000 1406 Cornelium
1012 1351 1101 1406 credo.

237 1429 301 1502 Cap.
321 1431 366 1496 11,
382 1425 406 1490 S.
426 1448 437 1482 ι
454 1448 461 1483 :
486 1456 497 1478 ι
521 1431 625 1483 Primus
640 1444 727 1484 autem
740 1430 836 1502 pedus
852 1431 903 1484 tuit
920 1429 1083 1502 capessendas
1102 1433 1255 1504 reipublicae

201 1509 293 1562 ·bello
314 1509 453 1580 Corcyreo,
471 1522 498 1562 et
510 1504 534 1570 S.
554 1511 588 1564 3:
610 1510 697 1564 Classe
712 1511 832 1564 celeriter
846 1511 954 1577 ellectu,
973 1511 1091 1582 primum
1116 1511 1256 1583 Corcyraea

201 1588 331 1660 dregin-
364 1589 491 1642 lhtestina
511 1589 665 1642 Graecorum
684 1590 765 1656 bella,
789 1609 820 1643 ea
834 1590 959 1656 maxime,
982 1609 1041 1662 qun
1056 1592 1136 1661 paulo
1152 1604 1213 1645 ante
1230 1605 1256 1647 et

195 1680 260 1740 post
271 1687 385 1740 pugnam
397 1668 591 1722 Marathoniam
604 1668 770 1736 acciderunt,
791 1683 844 1722 tam
859 1669 968 1722 solerter
982 1683 1132 1724 enumerata
1148 1672 1257 1724 suntab

194 1745 354 1816 Herodoto,
376 1760 406 1802 ut
427 1761 499 1802 certo
520 1749 679 1802 mentionem
709 1751 810 1804 lecisset
825 1749 888 1802 belli
909 1749 1106 1802 Atheniensium
1133 1748 1257 1804 adversus

196 1828 369 1898 Corcyraeos,
397 1827 419 1880 si
438 1845 555 1900 uuquam
574 1841 676 1899 gestum
700 1829 799 1882 luisset.
826 1826 878 1882 Sed
897 1829 965 1882 nihil
984 1829 1035 1882 tale
1058 1829 1087 1882 in
1109 1827 1255 1882 Herodoto.

196 1907 317 1978 Exponit
328 1906 416 1979 potius
429 1906 499 1960 idem
511 1907 695 1962 Themistoclis
707 1909 860 1974 consilium,
876 1906 909 1960 de
920 1926 974 1979 quo
984 1908 1256 1962 breviterCurnelius:
1352 1917 1355 1922 “

200 2012 214 2034 ι
224 1987 292 2038 Nam
298 2005 380 2057 quum
392 1989 504 2058 pecunia
516 1987 636 2058 publica,
648 2006 706 2057 quse
721 2007 753 2042 ex
762 1987 872 2042 metallis
886 1987 1002 2052 redibat,
1018 1988 1157 2058 largitione
1167 1989 1259 2058 magis·

201 2077 341 2118 -uatuum
360 2067 501 2137 quotannis
524 2066 663 2132 interiret3
685 2067 728 2120 ille
752 2067 882 2137 persuasit
901 2069 1018 2138 populo,
1044 2080 1075 2119 ut
1098 2085 1129 2120 ea
1146 2067 1259 2138 pecunia

201 2145 311 2199 -dmis
330 2157 436 2198 centum
462 2145 570 2198 navium
588 2143 770 2198 edificaretur.
787 2169 797 2190 ι
827 2145 876 2198 llis
893 2147 996 2208 serbis,
1011 2145 1030 2197 l.
1045 2146 1113 2210 Vll,
1136 2164 1163 2215 p.
1182 2147 1258 2214 489:

201 2249 214 2270 ι
223 2224 314 2288 Quum
325 2240 419 2293 magna
431 2223 471 2276 vis
482 2221 602 2294 pecuniae
612 2241 627 2274 e
642 2234 772 2293 proventu
787 2223 968 2288 metallorum,
984 2241 1043 2293 qne
1052 2237 1114 2276 sunt
1125 2225 1257 2287 eLdureo,

202 2315 292 2354 nesset
304 2303 332 2354 in
348 2301 440 2354 serario
461 2301 675 2366 Atheniensium,
695 2321 778 2372 eaque
797 2314 863 2354 esset
884 2319 955 2372 eque
977 2299 1119 2354 dividenda
1141 2301 1259 2368 viritim,

204 2406 218 2427 ι
226 2379 302 2433 denis
314 2381 343 2432 in
357 2379 474 2450 singulos
485 2380 598 2451 puberes
613 2378 759 2447 drachmis,
774 2393 837 2434 tuuc
851 2380 1041 2434 Themistocles
1053 2380 1122 2434 hauc
1136 2378 1258 2434 dissuasit

205 2460 433 2514 «Atheniensibus
455 2457 691 2525 distributionem,
714 2458 761 2512 sed
786 2479 818 2512 ex
846 2460 956 2530 pecunia
981 2459 1088 2512 classem
1108 2459 1260 2514 &mutarunt

207 2541 337 2592 ‹naviun
359 2536 393 2592 ad
414 2539 579 2608 AEgt'ruts'cum
597 2539 697 2592 bellum
719 2557 872 2610 comparare
894 2535 982 2591 suasit.
1003 2537 1062 2591 lloc
1076 2538 1147 2591 euim
1162 2539 1262 2594 bellum

208 2645 220 2667 ι
232 2618 340 2672 Graecia
354 2618 464 2672 salutem
479 2618 581 2681 attulit,
603 2635 698 2688 cogens
718 2618 819 2672 Atticos
840 2618 959 2672 naufioos
979 2617 1067 2671 lieri·
1091 2617 1262 2672 Occasionem

204 2699 269 2752 belli
278 2698 418 2769 Aiginetici
433 2695 695 2770 proditllerodotus,
709 2698 727 2750 l.
736 2698 772 2756 V,
784 2715 812 2768 p.
822 2697 875 2750 361
885 2735 894 2760 ,
906 2709 933 2749 et
945 2709 1034 2768 aperta
1048 2714 1090 2748 res
1102 2709 1153 2761 est,
1169 2696 1262 2752 cadere

202 2795 234 2830 ea
249 2779 278 2830 in
292 2777 391 2830 bellum
412 2777 604 2848 AEgineticum,
621 2795 680 2848 quie
697 2776 850 2836 Cornelius,
876 2776 964 2828 minus
987 2786 1106 2829 accurate
1125 2776 1263 2830 historiam

201 2857 311 2910 Gracia
325 2857 460 2928 antiquam
475 2868 581 2920 teneus,
597 2853 631 2910 de
650 2857 789 2927 Corcyreo
807 2852 883 2909 dixit.
903 2857 952 2920 At,
969 2853 1140 2928 respondebit
1154 2855 1262 2926 aliquis,

202 2937 313 2990 fortasse
329 2938 426 3004 enam,
447 2935 552 2989 vivente
565 2935 757 2999 Themistocle,
778 2954 839 2987 cum
858 2933 1004 3006 Corcyraeis
1018 2934 1118 2988 bellum
1129 2947 1264 3005 gesserunt

203 3015 392 3070 Athenienses?
412 3015 486 3087 qnod
508 3015 618 3068 nescirit
632 3012 797 3082 Herodotus,
817 3016 892 3084 cnjus
907 3033 970 3066 vero
988 3013 1142 3066 memoriam
1162 3013 1266 3085 Nepos,

202 3096 261 3148 aliis
279 3097 357 3150 honis
381 3095 533 3150 auctoribus
555 3113 632 3157 usus,
660 3093 832 3148 conservarit.
859 3093 892 3146 ld
917 3093 1027 3146 omnino
1045 3111 1101 3146 nou
1118 3093 1263 3164 probabile.

202 3175 374 3228 Athenienses
386 3176 414 3227 in
429 3193 461 3228 eo
476 3173 585 3227 demum
603 3172 746 3238 decennio,
761 3171 834 3244 quod
851 3191 865 3224 a
880 3191 968 3245 pugna
979 3172 1145 3226 Marathonia
1156 3170 1189 3224 ad
1196 3173 1266 3226 Sala·

203 3252 313 3304 miniam
326 3253 444 3318 effluxit,
458 3271 567 3323 operam
580 3252 643 3306 dare
656 3265 794 3324 ceperunt
804 3253 844 3306 rei
859 3253 960 3318 navali;
976 3251 1138 3304 occasionem
1152 3253 1267 3322 prebuit

204 3330 304 3384 bellum
320 3332 506 3402 AEglueticum.
526 3331 638 3384 Nullum
653 3333 785 3403 reperitur
803 3333 963 3404 retugium,
982 3331 1034 3384 hoc
1054 3331 1113 3402 ipso
1137 3328 1266 3384 decennio

204 3409 377 3462 Athenienses
393 3409 426 3462 ad
439 3423 538 3462 tantam
549 3411 698 3480 pervenisse
711 3412 870 3482 potentiam,
881 3423 912 3464 ut
925 3411 1079 3482 Corcyroeos
1093 3409 1267 3477 debellarent,

204 3501 262 3542 toto
278 3489 333 3542 fere
349 3489 458 3542 Graecia
470 3489 571 3543 ambitu
587 3490 620 3540 ab
632 3489 695 3560 ipsis
702 3487 828 3544 distantes
839 3503 865 3543 ct
875 3492 929 3561 jara
941 3488 1044 3542 dudum
1056 3491 1123 3542 mari
1137 3502 1265 3561 potentes.

203 3567 392 3638 Effingitaruut
409 3569 581 3622 Athenienses
607 3569 656 3620 hac
668 3569 723 3640 ipsa
738 3581 813 3622 etate
832 3588 847 3622 a
867 3569 1012 3640 Corcyraeis
1027 3569 1166 3632 auxilium,
1185 3587 1268 3640 quum

204 3641 305 3702 Xerxes
321 3647 461 3700 transitum
489 3649 517 3698 in
538 3647 667 3700 Graeciam
686 3660 806 3720 pararet,
821 3660 885 3702 teste
903 3646 1055 3712 Herodoto,
1071 3648 1142 3710 vll,
1159 3666 1186 3717 p.
1201 3650 1267 3714 489.

206 3726 327 3782 Confessi
345 3738 408 3778 sunt
419 3725 522 3798 pontid
536 3739 639 3797 tempus
652 3727 803 3798 Corcymi,
820 3746 904 3798 quum
915 3729 943 3780 iu
955 3727 1025 3780 bello
1039 3724 1164 3779 adsersus
1176 3727 1271 3779 Corin·

206 3807 277 3860 thios
297 3817 420 3876 suscepto
438 3824 516 3876 opem
537 3817 658 3876 peterent
675 3807 708 3858 ah
723 3806 945 3870 Atheniensibus,
970 3825 997 3858 se
1015 3805 1047 3858 iis
1067 3806 1203 3874 hucusque
1222 3823 1271 3858 uec

206 3885 290 3938 socios
314 3885 394 3938 fuisse
409 3903 458 3938 nec
475 3884 611 3950 inimicos,
627 3886 654 3938 iu
667 3885 787 3938 oratione
804 3903 862 3956 que
875 3887 972 3956 legitur
985 3882 1057 3955 apud
1068 3881 1271 3954 Thucydidem,

204 3963 223 4016 l.
247 3965 320 4028 1,c.
347 3965 393 4018 32.
413 3964 512 4018 Asserit
534 3962 648 4034 danique
671 3963 860 4035 Thucydides,
879 3963 1083 4016 Themistoclem
1103 3963 1223 4028 exulem,
1242 3981 1273 4016 ea

206 4042 379 4112 potissimum
394 4063 425 4097 ea
446 4062 523 4098 causa
536 4043 683 4113 confugisse
697 4042 730 4096 ad
744 4045 912 4116 Corcyraos,
931 4039 1005 4118 quod
1015 4042 1083 4094 hene
1094 4039 1229 4112 quondam
1240 4043 1274 4098 de

207 4120 246 4174 eis
260 4124 403 4190 meruerit,
416 4123 434 4176 l.
444 4124 473 4189 1,
490 4142 514 4177 c.
535 4124 599 4176 136.
622 4123 714 4193 ltaque
727 4141 782 4177 non
794 4125 874 4193 sugis
888 4140 940 4176 eos.

245 4197 287 4254 Ad
302 4201 426 4260 eumdem
433 4200 620 4277 Thucydidem
631 4215 759 4276 provocat
769 4203 825 4273 ipse
834 4201 973 4256 Cornelius
982 4200 1009 4254 iu
1017 4199 1071 4256 rita
1078 4199 1274 4270 Themistoclis,

1043 4267 1116 4353 22⁸

1010 4411 1017 4445 t
