3282 5156
481 529 927 601 OBSERVATIONES.
1175 531 1246 628 337

189 659 369 718 Conhmamr
381 655 444 710 inde
457 655 499 724 id,
515 656 587 729 qood
600 657 691 710 asserit
703 657 806 711 Plinius
815 659 833 712 l.
844 677 882 722 o.‚
896 677 1004 712 summe
1017 659 1180 731 antiquitatis
1193 682 1248 716 esse

189 739 262 815 apud
272 738 444 792 Athenienses
460 749 543 790 artem
555 734 695 808 pingendi,
712 749 739 790 et
748 751 850 792 mature
861 757 905 790 eoa
919 737 952 791 ed
965 740 1069 792 culmen
1083 743 1246 810 pervenisse,

190 823 227 874 ita
238 832 267 873 ut
278 823 332 890 jam
348 815 502 882 Candaulis‚
521 817 539 870 i.
551 835 574 869 e.
591 815 697 869 Romuli
715 828 804 882 etate,
820 817 929 889 Olymp.
946 838 997 884 aa,
1013 820 1149 872 manifesta
1168 822 1248 874 fuerit

191 900 254 954 artis
266 899 369 952 claritas
381 909 459 968 atque
470 896 609 949 absolutio.
622 895 694 948 Dicit
708 895 824 961 Plinius,
838 896 995 962 Panennm,
1009 898 1118 952 fratrem
1132 899 1246 966 Phidiae,

190 979 309 1051 prtclium
318 975 515 1030 Marathoniam
527 975 657 1046 pinxisse:
668 972 763 1028 «Adeo
774 978 827 1048 jam
843 975 962 1028 colorum
977 996 1038 1030 usus
1050 980 1248 1048 percrebuerat,

194 1056 333 1130 aadeoque
355 1075 397 1110 ars
421 1055 536 1128 perlecta
555 1067 626 1118 erat,
648 1055 727 1108 utin
746 1074 779 1108 eo
800 1055 892 1125 prelio
908 1056 1023 1110 iconicos
1041 1054 1121 1110 duces
1134 1059 1248 1130 pinxisse

194 1134 349 1200 «undatim,
365 1135 564 1190 Atheniensium
579 1131 743 1199 Miltiadem,
766 1133 969 1200 Callimachum,
986 1135 1164 1207 Cynegirum,
1184 1139 1248 1192 Bar·

193 1217 337 1270 abarorum
353 1215 441 1269 Datim
464 1227 491 1267 et
510 1212 711 1284 Artaphernem.
726 1239 736 1258 ι
763 1211 904 1278 Quomodo
922 1215 1030 1285 pingere
1042 1216 1170 1286 potuisset
1184 1218 1247 1270 arti·

187 1297 246 1360 lex,
260 1296 367 1349 Periclis
381 1307 455 1348 etate
468 1293 584 1358 florens,
599 1310 694 1363 pugne
707 1291 879 1346 Marathonia
892 1291 971 1346 duces
982 1295 1112 1360 iconicos,
1124 1297 1175 1348 nisi
1186 1316 1247 1350 eum

188 1375 358 1448 processisset
376 1375 477 1447 pictor,
492 1390 586 1444 pugna
603 1371 643 1424 illi
654 1371 772 1424 marus?
792 1371 867 1424 lianc
879 1373 988 1444 pictura
1001 1374 1181 1444 antiquitatem
1197 1395 1261 1444 nec,

187 1454 266 1508 video
279 1456 442 1508 observatam
457 1473 472 1506 a
488 1451 739 1505 commentatoribus
756 1451 889 1516 Cornelii,
905 1471 953 1506 nec
967 1453 1028 1506 satis
1039 1452 1198 1508 vindicatam
1211 1458 1244 1508 ab

185 1536 249 1588 artis
263 1535 341 1607 hujus
356 1533 488 1588 historicis
501 1531 706 1595 recentioribus,
721 1529 767 1601 qui
781 1531 964 1602 praestantiora
975 1533 1074 1604 quovis
1087 1531 1121 1586 ad
1137 1534 1245 1588 Periclis

189 1627 291 1670 ertatem
306 1615 404 1667 referre
419 1613 512 1666 solent.

228 1696 290 1750 vlt.
313 1693 455 1758 Chabr.1,
472 1687 522 1754 §.a
539 1711 546 1745 ι
571 1719 582 1740 ι
594 1690 753 1763 Obnixoqoe
772 1710 841 1763 genu
862 1706 955 1759 scuto,
981 1695 1149 1765 projectaque
1173 1694 1246 1748 hasta

190 1775 341 1847 «impeturn
356 1773 476 1843 excipere
492 1771 609 1826 hostium
626 1770 726 1824 docuit.
759 1766 784 1831 S.
801 1774 826 1826 3.
847 1772 905 1826 lioc
922 1789 1004 1842 usque
1022 1791 1054 1824 eo
1071 1785 1124 1826 toto
1145 1773 1246 1828 Gracia

191 1879 203 1902 a
214 1855 281 1908 fama
294 1855 453 1908 celebratum
466 1864 519 1916 est,
535 1862 566 1904 ut
580 1851 626 1902 illo
641 1863 709 1904 statu
724 1851 842 1904 Chabrias
858 1853 909 1904 sibi
923 1865 1034 1905 statuam
1050 1851 1108 1904 fieri
1120 1852 1246 1916 voluerit,

191 1959 203 1982 ι
215 1953 273 2006 qno
282 1934 389 2005 publice
404 1933 428 1985 ei
440 1932 474 1984 ab
484 1930 688 1984 Atheniensibus
701 1931 728 1982 in
744 1932 803 1984 loro
814 1932 957 1985 constituta
973 1943 1019 1984 est.
1029 1932 1068 1983 Ex
1083 1949 1136 2002 qno
1146 1932 1244 1986 iactrsm

191 2039 202 2062 ι
213 2027 267 2077 est,
277 2027 307 2066 ut
315 2025 405 2085 postea
414 2011 526 2074 athlete,
535 2011 667 2080 ceterique
674 2009 847 2077 artifices,his
855 2012 966 2064 statibus
975 2011 1003 2063 in
1014 2012 1106 2064 statuis
1115 2011 1244 2082 ponendis

191 2118 202 2140 ι
211 2105 357 2158 uterentur,
368 2092 395 2143 in
409 2090 506 2161 quihus
516 2090 651 2142 victoriam
661 2101 748 2142 essent
757 2087 854 2160 adepti.
867 2115 878 2136 ι
898 2090 1030 2160 Exscripsi
1044 2090 1132 2142 locum
1144 2104 1244 2157 totum,

186 2191 241 2244 quo
254 2173 354 2225 facilius
365 2169 568 2240 dignoscantur,
584 2186 642 2238 qua
663 2167 697 2220 G.
713 2168 747 2219 Ε.
763 2170 864 2236 hming
879 2169 1084 2238 ingeniosissime
1109 2188 1243 2243 commen·

182 2265 253 2304 tatus
267 2264 306 2302 est
321 2251 369 2302 suh
381 2249 462 2300 linem
471 2247 533 2298 libri
545 2247 600 2311 aui,
614 2246 659 2316 qui
669 2245 778 2296 Laocoon
793 2246 952 2298 inscribitur.
967 2244 1105 2316 Quidquid
1118 2247 1151 2300 de
1165 2251 1240 2304 bonis

187 2330 281 2384 litteris
298 2341 325 2380 et
345 2328 444 2380 artibus
459 2325 563 2396 scripsit
576 2324 803 2395 prestantissimae
816 2326 873 2390 vir,
891 2343 952 2376 cum
966 2343 1020 2394 quo
1037 2327 1065 2376 in
1079 2327 1163 2396 prima
1178 2328 1241 2380 ado·

185 2408 307 2462 lescentia
320 2407 412 2460 iutitm
426 2405 602 2458 familiaritate
612 2405 767 2474 conjunctus
783 2403 852 2470 rixi,
874 2402 933 2472 lego
947 2420 1008 2455 curn
1022 2405 1134 2457 maxima
1148 2407 1241 2478 volup·

186 2501 247 2542 tate.
267 2487 392 2539 Eminent
407 2487 478 2538 enim
493 2485 521 2536 in
537 2503 584 2548 eo,
605 2500 663 2554 que
680 2501 740 2534 raro
756 2483 785 2534 iu
799 2501 854 2534 uno
864 2483 992 2552 scriptore
1007 2486 1147 2552 conjuncta
1166 2486 1240 2538 inve·

184 2568 258 2632 nias,
278 2565 393 2619 eruditio
406 2567 459 2618 late
476 2577 585 2635 potens,
601 2580 733 2616 summum
752 2561 851 2634 ingenii
865 2581 991 2626 acumen,
1011 2581 1106 2631 magna
1119 2564 1147 2616 in
1162 2583 1240 2636 argu-

185 2645 327 2702 mentando
346 2647 400 2710 vis,
424 2644 558 2714 mirusque
580 2641 703 2700 dictionis
723 2642 803 2694 nitor.
829 2641 1020 2694 Celeberrimus
1040 2642 1239 2698 Wsnkelnannru

184 2730 213 2782 in
225 2745 309 2798 opere
318 2745 366 2780 sno
383 2723 417 2776 de
430 2737 485 2776 arte
500 2722 651 2794 pulchriore
668 2732 858 2774 commentatus
876 2733 932 2772 erat
946 2718 979 2772 de
991 2721 1139 2789 Borglsesso,
1160 2743 1239 2793 quens

185 2809 265 2878 vulgo
283 2806 441 2878 perhibent,
457 2803 601 2874 gladiatore.
622 2799 712 2854 Statua
735 2799 779 2852 illa
798 2799 922 2870 preclara
940 2799 1029 2852 multis
1048 2800 1076 2851 in
1097 2800 1171 2854 libris
1192 2805 1237 2856 acri

184 2887 310 2956 insculpta
325 2885 445 2938 habetur.
462 2882 632 2951 Conspicitur
647 2879 727 2932 etiam
743 2881 844 2950 egregia
856 2883 913 2947 ejus
928 2879 1026 2948 efligies
1038 2899 1134 2950 gypsea
1148 2895 1237 2934 nostra

183 2967 212 3020 in
227 2967 306 3032 urbe,
321 2967 349 3017 in
365 2983 424 3016 arce
440 2959 711 3031 Charlottoburgensi.
732 2958 843 3030 Negavit
860 2958 1101 3024 Winltelrnannus,
1113 2978 1167 3012 esse
1182 2962 1234 3030 gla-

184 3044 330 3106 diuorum,
351 3055 452 3108 aut‚ut
473 3041 518 3094 alii
536 3041 641 3103 volunt,
659 3037 820 3100 dsiwbolam
839 3035 952 3090 credidit
970 3055 1024 3090 esse
1048 3038 1172 3104 militem,
1187 3045 1234 3111 qui

183 3126 281 3178 virtute
295 3144 354 3188 sua,
372 3136 507 3193 statuque,
526 3139 580 3191 quo
599 3119 682 3171 hostis
698 3118 826 3188 impetum
841 3117 959 3186 excepit,
973 3129 1083 3169 statuam
1092 3121 1231 3176 meruerit.

184 3205 319 3272 basnagius
332 3215 444 3256 statuam
464 3201 549 3266 illam,
567 3215 721 3268 comparans
740 3213 801 3248 cunr
819 3195 928 3265 Nepotis
943 3193 1133 3266 descriptione,
1153 3217 1232 3270 quam

183 3301 262 3354 supra
277 3282 366 3339 attuli,
394 3279 494 3352 judicat
513 3289 699 3350 representare
722 3275 860 3330 Clasbriam.
884 3275 975 3327 Unum
1000 3277 1103 3329 obstare
1117 3277 1230 3338 videtur.

183 3362 292 3414 Sursum
305 3373 376 3413 tenet
385 3359 459 3410 miles
470 3358 514 3410 ille
525 3371 643 3421 scutumt
653 3373 734 3426 quous
742 3355 852 3424 Nepotis
860 3351 1003 3426 descriptio
1011 3355 1231 3416 habeatrobnixo

182 3459 251 3512 genu
268 3453 353 3504 scuto,
375 3441 542 3508 projectaque
553 3437 634 3490 hasta.
655 3433 705 3486 Sed
715 3435 756 3486 vir
769 3433 934 3488 doctissimus
942 3435 979 3486 ita
992 3435 1232 3508 interpungendum

183 3519 267 3573 credit
281 3537 288 3572 :
303 3519 409 3572 Obnixo
423 3535 506 3588 genu,
518 3529 608 3580 scuto,
620 3516 787 3586 projectaque
799 3513 881 3566 hasta.
896 3514 990 3585 Attigit
1001 3513 1120 3568 eamdem
1132 3538 1188 3572 rem
1203 3523 1231 3574 in

182 3601 234 3653 alio
247 3599 316 3650 lihro
330 3636 339 3662 ,
354 3597 400 3669 qui
413 3595 564 3649 inscribitur
580 3613 587 3647 :
609 3593 792 3666 Antiquaruclte
804 3593 894 3658 Briese.
915 3592 1005 3646 Potest
1019 3594 1123 3664 utique,
1140 3599 1162 3648 si
1176 3601 1231 3664 vis,

182 3679 361 3750 interpunctio
381 3675 547 3746 Lessingiana
568 3673 665 3726 habere
687 3673 783 3724 locum.
808 3669 860 3724 Sed
880 3672 902 3722 ai
922 3669 950 3723 id
974 3691 1028 3724 non
1047 3672 1139 3738 detur,
1160 3676 1232 3730 baud

181 3761 269 3812 minus
288 3771 423 3828 acceptum
438 3768 464 3807 et
477 3751 643 3825 probandum
655 3751 706 3804 erit
715 3751 842 3823 Lessingii
854 3749 888 3802 de
898 3751 995 3803 celebri
1005 3751 1054 3803 hac
1066 3765 1149 3806 statua
1161 3755 1231 3826 judi-

180 3839 260 3891 cium.
278 3837 371 3890 sinon
380 3835 489 3888 omnino
503 3830 644 3904 respondet
655 3829 749 3895 statui,
770 3849 824 3901 quo
839 3829 966 3882 Chabrias
976 3829 1103 3900 impetum
1116 3833 1232 3888 hostium

181 3919 300 3990 excipere
312 3915 418 3980 docuit,
428 3915 509 3966 alium
519 3923 705 3984 repraesentare
717 3907 823 3962 videtur
839 3908 966 3960 illustrem
974 3907 1095 3961 Graccum
1109 3913 1231 3980 militent,

179 3997 222 4048 vel
236 3999 314 4050 ctiam
322 3997 448 4048 victorem
460 3993 606 4064 Olympia,
621 3990 664 4043 cui
678 3986 712 4042 ad
724 3988 873 4058 exemplum
879 3985 1000 4040 Chabriae
1008 3991 1069 4040 ineo
1079 4001 1144 4044 statu
1153 4001 1233 4063 posita

181 4088 218 4126 est
228 4089 317 4138 statae,
330 4081 355 4128 s'n
370 4096 416 4147 qno
429 4077 553 4125 victoriam
567 4081 601 4121 est
617 4069 723 4138 adeptus.

223 4155 298 4206 Vlll.
329 4153 457 4226 Lysandr.
474 4153 514 4204 lll
527 4189 535 4212 ,
550 4167 574 4202 t.
596 4148 769 4200 Maedoemnii
782 4149 862 4198 omnia
875 4145 910 4197 ad
926 4146 1024 4198 maala
1040 4149 1126 4214 refim
1140 4171 1236 4206 samm.

1007 4289 1053 4332 22
