3200 5120
510 519 823 589 Mrnrrsnns.
1195 547 1215 617 7

140 645 308 716 trionibus
325 648 449 737 oriens,
471 647 647 720 adversum
661 664 752 720 tenet
768 651 907 722 Athenis
921 652 1215 748 proficiscentibus.

143 751 330 842 Miltiades,
352 754 505 827 morandi
523 769 655 854 tempus
671 783 740 828 non
759 757 904 846 habens,
926 785 1061 830 cursum
1082 760 1216 848 direxit,

143 883 213 954 quo
232 861 402 951 tendebat,
420 865 638 961 pervenitque
656 865 912 936 Chersonesum.

199 968 245 1036 11.
272 968 324 1038 Ibi
336 968 429 1040 brevi
438 983 589 1066 tempore
600 971 839 1042 Barbarorum¹
853 974 959 1067 copiis
973 973 1132 1066 disjectis,
1145 987 1216 1043 tota

143 1074 298 1168 regione,
320 1099 420 1171 Qum
449 1079 609 1172 petierat,
637 1081 776 1174 potitus,
802 1077 879 1151 loca
903 1077 1068 1150 castellis²
1096 1079 1217 1150 idonea
1263 1103 1271 1130 ⁰

145 1183 382 1269 communivit;
403 1182 663 1273 multitudinem,
679 1209 779 1284 quarn
789 1211 901 1256 secum
911 1185 1066 1273 duxerat,
1078 1187 1118 1254 in
1128 1188 1216 1282 agris

146 1285 336 1378 collocavit,
360 1291 550 1387 crebrisque
571 1292 822 1362 excursionibus
844 1291 1068 1388 locupletavit.
1097 1295 1215 1388 Neque

145 1393 254 1464 minus
275 1397 310 1464 in
334 1421 373 1466 ea
396 1422 432 1467 re
454 1399 646 1493 prudentia,
668 1423 768 1494 quam
793 1396 964 1487 felicitate,
985 1397 1117 1492 adjutus
1141 1414 1214 1469 est:

143 1523 222 1570 narn
239 1527 344 1596 quum
362 1490 503 1574 virtute³
522 1505 665 1575 militum
684 1506 859 1576 devicisset
874 1506 1019 1576 hostium
1037 1507 1215 1595 exercitus,

144 1630 275 1677 summa
292 1610 447 1704 aequitate
467 1636 520 1682 res
537 1614 723 1700 constituit,
741 1627 840 1708 atque
861 1614 931 1708 ipse
945 1611 1066 1682 ibidem
1080 1633 1216 1682 manere

144 1712 300 1785 decrevit
325 1719 409 1788 Erat
430 1719 518 1788 enim
540 1719 626 1790 inter
648 1744 706 1790 eos
730 1719 890 1817 dignitate
913 1704 1041 1815 regia⁴,
1064 1720 1215 1812 quamvis

143 1821 278 1891 carebat
298 1826 456 1894 nomine:
473 1849 581 1920 neqrre
602 1826 636 1895 id
654 1827 758 1921 magis
776 1828 931 1922 irnperio,
953 1849 1053 1921 quarn
1068 1825 1215 1918 justitia,

143 1944 350 2000 consecutus.
371 1934 490 2026 Neque
503 1959 543 2003 eo
565 1935 671 2004 secius
683 1933 957 2020 Atheniensibus,
978 1930 1215 2026 aquibuserat

141 2035 327 2126 proiectus,
347 2037 459 2108 officia
476 2040 663 2135 prestabat
687 2041 819 2130 Quibus
834 2040 933 2109 rebus
952 2039 1069 2124 fiebat,
1091 2053 1213 2106 utnon

142 2255 318 2326 Septentrio,
339 2256 408 2310 imus
428 2258 576 2313 Thraecias.
588 2285 600 2306 ·
614 2291 651 2304 —
698 2259 778 2314 latur.
795 2285 807 2306 ι
820 2259 885 2312 Erat
896 2277 972 2310 mons
983 2275 1074 2311 saxeus
1084 2255 1213 2310 mediocri

142 2335 278 2388 Adsensere
302 2349 372 2390 terret.
394 2337 434 2390 Ex
457 2335 567 2392 adverso
588 2339 655 2408 flat,
699 2339 798 2392 casulla
809 2342 871 2394 satis
883 2351 985 2409 pateus.
1001 2363 1012 2386 ι
1030 2337 1135 2391 Sallust.
1149 2338 1210 2408 Jug.

143 2413 305 2470 adversatur.
315 2417 474 2490 Metaphora
480 2437 537 2500 ere
546 2419 654 2472 militari
699 2420 785 2473 xcn.
807 2452 848 2462 -
868 2419 1004 2472 Collocavit
1028 2417 1212 2470 multitudinem.

141 2493 318 2568 deprompta,
332 2516 383 2568 qua
397 2497 497 2550 directa
510 2498 578 2552 acies
590 2519 654 2552 con·
699 2500 766 2565 Quas
782 2519 858 2568 agros
871 2499 1014 2569 assignatos
1028 2498 1136 2552 coleret.

141 2587 184 2628 tra
198 2577 308 2630 alteram
325 2577 465 2632 adversum
481 2591 587 2644 tenere,
603 2579 655 2632 hoc
741 2581 767 2632 3.
786 2580 892 2632 Virtute.
907 2575 1084 2631 Fortitudine.
1098 2578 1137 2630 Ut
1151 2595 1211 2648 pas·

141 2667 198 2722 est,
218 2658 341 2728 opposita
361 2677 432 2724 esse,
452 2671 523 2712 recte
546 2657 653 2713 dicitur.
698 2657 749 2710 sim
763 2658 791 2710 iu
808 2657 918 2729 optimis
933 2657 1086 2710 auctoribus
1101 2674 1131 2708 ac
1145 2677 1212 2728 prae·

141 2767 183 2778 -
195 2735 306 2790 Cursum.
320 2737 532 2810 Navigationern.
698 2739 777 2809 cipue
786 2737 815 2790 in
824 2735 966 2792 Sallustio:
978 2763 989 2784 ι
999 2736 1035 2788 Ni
1045 2741 1124 2788 oi'rtru
1134 2734 1211 2790 lides-

184 2814 248 2869 Csr.
269 2817 306 2872 Il.
326 2836 350 2871 r.
371 2817 546 2872 Borbororum.
568 2818 655 2870 Thra·
698 2836 750 2889 que
765 2830 869 2882 vestra,
881 2829 931 2870 etc.
952 2815 1050 2868 Nonne
1063 2815 1147 2868 emori
1162 2833 1211 2886 per

143 2913 213 2949 mm.
225 2897 322 2970 Populi
333 2899 406 2951 enim
417 2898 519 2952 externi
530 2917 545 2952 a
555 2898 655 2953 Graecis
697 2902 811 2950 uirtutem
826 2907 949 2968 praestat,
963 2907 1012 2948 etc.
1025 2919 1037 2942 ι
1053 2893 1133 2949 Catil.
1148 2895 1209 2948 XX.

143 2974 251 3029 Balari
262 2979 435 3033 emebantur.
452 2976 528 3030 Idem
543 2997 585 3050 ap.
599 2981 655 3030 Ro·
698 2979 887 3031 —Deuicisret
898 2975 1009 3030 Penitus
1016 2973 1210 3047 prostravisset.

144 3073 251 3124 manos,
267 3058 407 3130 AEgyptios
426 3077 456 3112 ac
476 3057 594 3130 Scythas.
614 3091 656 3102 -
739 3065 766 3122 4.
793 3058 924 3127 Dignitate
948 3059 1026 3125 regia.
1048 3053 1173 3126 Expulsis
1196 3073 1211 3106 e

144 3135 266 3208 Disjectis.
286 3139 432 3210 Dissipatis.
450 3139 490 3192 Ita
507 3137 578 3210 apud
597 3138 655 3191 Car·
699 3138 865 3192 Chersoneso
888 3136 1056 3199 Thracibus,
1078 3134 1211 3204 rebusque

145 3218 280 3284 sarem,1,
290 3219 337 3285 ab,
347 3217 382 3272 de
395 3219 465 3272 bello
477 3218 547 3272 Gall.
562 3245 573 3266 ι
584 3218 655 3272 Pha·
698 3219 752 3271 stris
760 3218 798 3270 ibi
806 3216 970 3281 conlimatis,
980 3211 1211 3268 Munademusus

142 3294 218 3368 lange
234 3298 349 3371 dr'ss'ecta,
370 3297 465 3371 gladiis
483 3297 611 3352 districtis
625 3299 655 3352 iu
697 3315 772 3369 passe
782 3295 954 3368 tyrannidem
966 3306 1096 3350 testantur
1109 3294 1212 3348 Plutar-

142 3394 187 3429 coa
199 3377 329 3450 impetum
343 3381 473 3434 lecerunt.
486 3403 499 3426 ι
698 3377 781 3443 obus,
793 3375 828 3431 de
840 3395 898 3430 sera
908 3375 1027 3430 numinis
1039 3372 1174 3440 vindicta,
1184 3387 1211 3426 et

183 3476 210 3511 a.
231 3460 297 3511 Loca
316 3459 533 3512 castellariam.
552 3456 653 3512 Herod.
698 3455 871 3522 Herodottu,
894 3457 951 3518 Vl,
975 3455 1022 3524 39.
1045 3455 1107 3508 Non
1128 3454 1212 3525 igitur

142 3536 204 3602 vt,
227 3540 282 3605 36,
297 3538 376 3594 docet
394 3539 524 3592 isthmum
540 3537 655 3592 Cherso·
698 3535 826 3590 diuturna
841 3539 897 3610 ejus
911 3533 1079 3589 dominatio:
1093 3533 1211 3606 primum

143 3618 198 3670 nesi
220 3618 370 3674 Miltiadem
390 3618 543 3692 precepisse
558 3637 655 3684 muro,
698 3618 798 3672 enirna
813 3616 937 3690 Scythis,
951 3613 1050 3668 deinde
1069 3632 1084 3667 a
1102 3613 1211 3668 Phoeni·

143 3697 223 3752 etita
245 3700 402 3772 Apsinthios
421 3697 581 3754 cohibuisse.
601 3699 656 3752 Ista
698 3697 774 3752 cibus
786 3697 895 3770 pulsus,
906 3696 1023 3750 Athenas
1036 3693 1212 3764 confugit.—

144 3789 231 3832 antem
242 3780 332 3833 omnia
340 3779 375 3834 de
384 3780 490 3846 alio‚ut
500 3797 579 3850 supra
590 3775 657 3832 diri·
701 3779 817 3848 Quamos's
833 3778 932 3830 eambot
947 3780 1048 3828 aornim.
1063 3771 1097 3826 ld
1110 3785 1166 3838 est,
1180 3771 1213 3824 ti-

143 3877 217 3925 naus,
241 3859 364 3914 Miltiade
386 3871 476 3913 namet
495 3857 596 3912 Herod.
615 3891 652 3902 -
699 3859 757 3912 tulo
774 3857 853 3928 regis.
874 3857 990 3925 Quamvis
1007 3873 1069 3908 cum
1088 3849 1212 3904 indicati·

143 3939 276 3992 Castellum
288 3954 378 3994 autern
388 3939 585 3994 munimentum
600 3957 656 3992 cae
698 3957 733 3992 vo
746 3937 835 3990 minue
850 3937 989 3992 usitatum,
1006 3930 1108 4004 maguis
1124 3943 1213 3984 tamen

142 4030 186 4072 tro
195 4021 284 4074 minus
291 4019 485 4094 eet;oppidum
496 4017 568 4072 euim
576 4018 658 4086 vallo,
700 4016 826 4088 exemplis
835 4053 844 4081 ,
853 4016 908 4069 Tit.
921 4014 980 4068 Liv.
993 4014 1036 4076 11,
1048 4019 1099 4076 to,
1115 4023 1214 4066 etc.-

142 4097 228 4167 l'osaa,
249 4114 277 4154 et
297 4101 416 4156 trieribus
437 4117 522 4173 quum
541 4098 656 4170 cingitur
702 4097 856 4154 Comuntur.
869 4097 992 4166 Nonqua
1003 4088 1217 4164 imperitasset

139 4179 338 4248 eastumdurn
348 4183 422 4236 ricus
432 4180 554 4234 castellam
567 4178 656 4251 appel·
702 4197 754 4250 qua
767 4173 900 4248 justua‚id
909 4173 1035 4231 obtinuit.
1049 4203 1091 4228 .-
1107 4169 1211 4242 Officia.

976 4279 1014 4361 ll
