3282 5156
516 526 966 604 OBSERVA'HONES.
1198 527 1268 600 331

211 655 278 708 locis
291 654 421 711 accusarit
434 654 554 722 Plinius,
567 668 691 730 utsupra
706 655 858 710 monuimus
872 676 901 729 p.
915 657 987 723 32u3
998 668 1024 709 et
1039 675 1137 712 emasse
1151 657 1230 712 etiam
1244 659 1272 712 in
1386 686 1395 728 '.

160 797 164 804 ,
212 736 292 790 rebus
305 734 437 790 historicis
454 733 527 790 houd
547 736 623 808 parri
637 737 783 800 momenti,
806 737 946 800 evincent,
966 735 1065 802 crede,
1080 736 1201 810 quodam
1213 757 1273 811 quar

212 827 304 886 postea
322 811 443 874 dicturus
465 833 533 870 sum.
559 817 726 870 Veueramur
750 817 835 870 boum
860 817 1020 888 scriptores,
1040 835 1096 869 noo
1120 819 1142 870 si
1169 836 1273 872 caunos

213 912 306 946 eorum
316 912 508 966 quamcumque
516 895 683 966 suscipimus,
696 907 722 949 et
729 897 1053 967 argumentisquibuslibet
1062 915 1273 968 propugnatum

212 972 258 1026 sed
273 991 357 1044 quum
370 991 472 1030 errores
479 974 651 1030 humanitatis
666 988 739 1028 sorte
752 974 879 1030 admissos
891 975 967 1030 luciis
978 993 1132 1029 excusamus
1140 1013 1148 1040 ,
1156 987 1183 1028 et
1189 978 1274 1032 honos

212 1071 243 1106 ac
255 1051 407 1124 diligentes
420 1053 505 1124 qualis
524 1057 632 1108 omniuo
654 1056 704 1108 luit
725 1055 879 1122 Cornelius,
894 1073 953 1120 eos,
972 1055 1033 1126 qui,
1046 1056 1162 1108 veritatis
1179 1067 1205 1110 et
1223 1057 1274 1110 ele·

212 1132 307 1202 geone
326 1131 451 1197 studiosi,
478 1152 557 1205 quam
580 1134 707 1206 plurimas
728 1153 771 1188 res
790 1147 862 1188 recte
885 1147 913 1188 et
927 1146 1046 1188 accurate
1062 1133 1240 1194 tradiderunt,
1258 1153 1273 1188 a

212 1211 294 1283 wigo
306 1213 464 1305 scriptorum
476 1215 653 1282 moeruiruus,
671 1215 781 1286 qubus,
795 1213 861 1268 dum
874 1214 993 1304 chartam
1007 1213 1150 1286 implesnt,
1162 1213 1273 1286 perinde

214 1303 254 1346 est
267 1309 325 1362 quse
337 1293 496 1363 scripserint.

254 1371 303 1427 vt.
324 1370 453 1429 Ruditatis
473 1384 500 1426 et
514 1373 542 1426 in
560 1374 629 1444 stylo
642 1384 669 1426 et
683 1375 711 1426 in
724 1375 802 1427 rebus
815 1373 1069 1436 accusavitlihrum,
1093 1391 1172 1445 quern
1188 1386 1276 1427 tauto·

124 1497 128 1504 .
213 1468 277 1524 pere
292 1451 404 1522 plurimi
415 1451 615 1518 commendant,
632 1453 727 1524 copo:
740 1453 869 1515 Barthius,
887 1465 1082 1524 srgumentatur
1093 1451 1169 1519 inde,
1184 1453 1274 1506 seculo

214 1531 325 1602 Asrgmti
337 1550 393 1588 noa
407 1549 463 1588 esse
483 1531 593 1586 omuino
612 1530 729 1603 dignum
749 1532 880 1586 Monstrat
898 1545 969 1586 certe
992 1533 1047 1586 bec
1074 1529 1273 1602 argumentandi

214 1611 298 1676 ratio,
312 1611 467 1674 Borthiurn,
488 1613 606 1684 quamvis
615 1613 734 1683 apprime
745 1609 867 1676 doctum,
879 1631 970 1664 rerum
980 1612 1156 1666 humanarum
1171 1611 1275 1666 modice

214 1689 294 1746 tuboe
305 1707 426 1760 gnarum
448 1691 628 1758 Eatoliantor,
647 1693 706 1762 jure
720 1690 841 1764 quidem,
859 1691 979 1746 maximis
992 1689 1115 1744 leudibus
1131 1692 1216 1745 secula
1229 1691 1276 1744 illa

215 1767 321 1830 Perich's
335 1782 363 1822 et
377 1771 496 1841 Augusti.
516 1773 552 1824 At
562 1771 621 1842 quis
633 1769 738 1838 credat,
752 1773 822 1825 inter
840 1783 911 1824 unta
925 1771 1039 1836 lumina,
1055 1788 1113 1842 quas
1127 1773 1214 1824 ucula
1228 1771 1273 1842 ills

215 1848 396 1916 illustrarunt,
414 1869 470 1912 raon
482 1851 562 1904 tuisse
578 1851 650 1922 ignes
668 1852 795 1916 minores,
810 1852 914 1904 nullum
928 1850 1099 1914 audaculum,
1118 1851 1166 1922 qui
1178 1851 1274 1922 scripta

216 1946 276 1994 sua,
295 1930 371 2000 parvi
391 1929 453 1984 lices
471 1932 610 1996 estimato,
634 1928 748 1984 ediderit
768 1931 872 1984 umen?
907 1929 1029 1985 Credidit
1051 1929 1188 1994 barthius,
1207 1931 1274 1982 vites

216 2025 282 2080 quas
294 2009 422 2062 hebemus
434 2009 647 2079 Imperatorum,
664 2011 794 2081 originem
809 2009 916 2082 quidem
932 2011 1037 2064 trabere
1050 2029 1066 2063 a
1081 2010 1206 2063 Cornelio
1221 2010 1275 2062 Ne·

216 2099 294 2158 pote,
308 2087 356 2144 sed
376 2106 433 2160 esse
452 2090 572 2159 sequime
590 2107 647 2140 arro
668 2089 701 2144 ab
720 2089 828 2142 AEmilio
848 2091 937 2144 Probo
960 2101 1110 2161 correptas,
1122 2107 1168 2142 seu
1186 2089 1274 2161 potius

216 2179 374 2238 corruptas·
389 2167 555 2238 Precipnum
570 2185 602 2220 ex
616 2169 678 2237 ejus.
687 2167 846 2238 argumentis
860 2185 916 2222 esse
930 2167 1009 2221 video
1032 2168 1174 2238 insignem,
1194 2187 1274 2239 φιιιιι

218 2247 246 2303 in
258 2248 311 2298 vita
320 2245 462 2316 lphicsetis
474 2244 686 2299 animsdvertisse
698 2265 725 2300 se
739 2247 853 2317 putarit,
867 2245 1120 2314 contradictionem,
1133 2265 1214 2317 quom
1220 2251 1274 2318 jusu

218 2327 269 2381 sub
281 2341 389 2380 armen
404 2326 542 2379 revocabo.
564 2323 671 2378 indicet
686 2325 909 2391 Barthius,rerba
925 2326 1051 2392 auctoris,
1067 2325 1166 2397 lphior.
1178 2327 1231 2388 111,
1244 2344 1273 2392 r,

216 2403 268 2458 Sed
275 2409 306 2462 ιίι
319 2403 399 2458 labore
409 2407 518 2458 missus
527 2407 609 2462 rimis,
619 2423 748 2478 purumque
755 2409 862 2476 pathos,
874 2417 902 2456 ut
912 2409 950 2458 uit
960 2407 1134 2476 Theopompus,
1145 2423 1200 2457 non
1211 2423 1275 2458 oon·

217 2484 308 2539 venire
322 2502 399 2555 posse
412 2483 530 2547 ineunt,
548 2485 594 2554 qui
609 2481 755 2538 secundum
768 2503 791 2538 c.
805 2486 832 2550 t,
848 2505 882 2550 a,
897 2485 1012 2540 multum
1024 2486 1052 2537 in
1064 2484 1134 2537 hello
1144 2495 1274 2551 versatus,

217 2563 302 2619 muita
321 2565 350 2616 iu
367 2581 397 2618 re
412 2563 521 2617 militari
539 2581 608 2616 nora
622 2563 723 2630 attulit;
739 2562 889 2630 concludit,
912 2583 968 2618 esse
982 2565 1043 2617 talio
1067 2561 1174 2636 indigos
1189 2581 1274 2616 nureo

217 2643 302 2698 matis
315 2655 435 2708 auctore,
452 2640 565 2714 ideoque
577 2662 630 2696 non
642 2662 657 2696 a
669 2644 812 2708 Cornelio,
828 2643 899 2696 sede
914 2643 1002 2697 Probo
1021 2643 1132 2715 prolata.
1158 2645 1273 2710 Amerit,

215 2722 376 2794 Iphicraten
386 2721 526 2795 diquando
539 2723 709 2794 exprobrasse
717 2723 900 2790 Pharnabazo,
910 2741 965 2778 esse
977 2741 1038 2776 eum
1049 2723 1137 2776 verbis
1148 2723 1273 2788 elacrem,

217 2803 296 2858 rebus
307 2801 423 2860 tondum.
442 2803 504 2869 Quo
517 2821 581 2868 ore,
600 2821 652 2874 qua
666 2801 765 2868 fronte,
789 2803 875 2874 inquit
893 2803 1029 2865 Barthius,
1051 2795 1163 2856 barbano
1178 2801 1272 2855 vitium

218 2884 377 2953 exprobrem
392 2883 521 2955 potuisset
535 2882 693 2953 Iphicrates,
713 2881 764 2936 nisi
779 2883 890 2954 ipsemet
902 2882 1000 2936 laboris
1012 2894 1039 2936 et
1050 2881 1212 2936 strenuitatis
1223 2882 1274 2935 sibi

218 2961 338 3016 conscius
353 2961 467 3016 luisset?
486 2962 593 3016 Valeret
612 2960 809 3034 quodammodo
824 2975 1023 3034 argumentum,
1042 2963 1064 3015 si
1086 2963 1189 3014 animus
1209 2973 1275 3014 esset

218 3041 357 3112 Iphicratis
369 3061 473 3098 oausam
488 3043 599 3096 omniuo
610 3043 756 3114 suscipere,
771 3055 797 3096 et
810 3059 871 3094 eum
882 3043 977 3114 quovis
991 3039 1072 3094 modo
1084 3040 1274 3114 aTheopornpi

216 3121 423 3191 reprehensione
429 3123 550 3176 liberere.
563 3120 615 3174 Sed
624 3135 695 3176 certe
710 3121 833 3176 concludi
846 3121 908 3180 inde
916 3141 972 3174 nors
984 3133 1073 3192 potest
1081 3118 1203 3192 id,quod
1216 3121 1274 3174 vult

218 3199 351 3254 Barthius.
362 3200 453 3272 Nepos
466 3203 538 3254 euim
552 3213 579 3254 et
592 3196 704 3274 sinisque
717 3201 784 3254 alius
796 3202 868 3254 aurei
881 3202 962 3256 seculi
978 3201 1092 3272 scriptor
1100 3200 1208 3254 Latinus
1217 3219 1273 3253 non

217 3289 321 3348 ρωποι
337 3277 455 3349 judicare
467 3279 501 3332 de
514 3280 671 3352 imperatore
690 3281 799 3346 Gneo,
815 3283 864 3334 uiri
877 3280 1023 3335 secuudum
1033 3299 1078 3347 er,
1090 3297 1150 3353 quar
1166 3278 1221 3334 ilde
1235 3277 1276 3332 di·

218 3373 285 3426 gnus
297 3357 389 3429 aliquis
402 3359 472 3412 inter
486 3359 623 3414 historicos
637 3359 744 3416 Grecos
752 3358 903 3416 tradiderat.
911 3361 1038 3414 Nominat
1049 3361 1100 3414 hoc
1111 3361 1171 3412 loco
1181 3357 1274 3430 judicii

216 3435 257 3492 stri
270 3437 755 3512 auctorem,Theopompum.thnse,
765 3457 868 3512 queso,
878 3438 1051 3494 contradictio
1059 3441 1190 3512 reperitur
1204 3441 1273 3494 inter

217 3514 357 3607 lpbierm's
367 3530 447 3588 ceput
461 3519 476 3570 1
487 3529 514 3570 et
523 3516 584 3570 111?
604 3518 631 3573 Si
644 3521 702 3590 quis
714 3521 750 3573 ita
760 3519 880 3591 judicuns
892 3522 1003 3574 nesciret
1015 3521 1134 3591 exempla
1147 3519 1275 3582 uiiormn,

217 3595 279 3666 (pri,
290 3595 376 3648 licet
368 3614 397 3649 ιιι
415 3597 491 3650 bellis
507 3596 625 3660 sumni,
632 3597 661 3650 iu
681 3599 770 3651 labore
780 3612 883 3660 tamen
895 3599 924 3652 id
938 3613 977 3654 est
989 3601 1016 3652 io
1032 3599 1160 3670 negotiis,
1172 3597 1273 3652 remissi

217 3691 410 3767 nonuouquasrr
424 3676 516 3745 inere,
528 3675 632 3731 edoceri
647 3679 775 3750 potuisset
793 3681 835 3732 rel
848 3679 928 3733 solim
944 3677 1086 3732 Alcibiadis
1101 3677 1234 3748 exemplo,
1248 3687 1274 3730 et

216 3753 274 3810 laoo
283 3754 379 3810 vitiam
391 3767 418 3808 et
433 3757 505 3810 illem
520 3757 646 3810 virtutem
662 3775 853 3829 nonnunquam
869 3760 897 3812 in
916 3758 1010 3812 eodem
1028 3759 1137 3810 homine
1155 3756 1274 3828 reperiri.

257 3835 322 3890 vn.
342 3835 410 3888 Sunt
424 3835 498 3889 loei
489 3855 518 3890 ιιι
538 3837 641 3908 Nepote
657 3837 800 3892 variatione
814 3836 934 3893 codicum
950 3851 1004 3890 tam
1019 3837 1148 3908 ambigui,
1168 3848 1199 3889 ut
1219 3833 1273 3888 dis·

217 3914 306 3986 putari
319 3933 352 3970 ea
366 3927 563 3988 unaqneprrte
572 3916 808 3988 reriutisquadam
822 3935 907 3994 specie
915 3917 1005 3988 possit
1020 3915 1165 3968 Conlemu
1173 3927 1274 3969 motum

217 3992 529 4062 udiemThottiauusu,
542 3995 687 4054 editionem
699 3997 860 4074 principem,
870 4009 897 4050 et
909 3997 1061 4060 Bodamrn,
1075 4013 1123 4048 seu
1129 4012 1206 4065 ,quo
1217 4013 1274 4049 eum

216 4075 351 4144 ιηιιίιιιι,
371 4075 573 4133 Fischer-irrasus.

257 4153 397 4208 Trlerloci
411 4169 494 4210 sonte
613 4199 617 4206 .
