3212 5118
358 633 426 698 AD
454 631 779 698 CORNELIUM
807 630 1067 698 NEPOTEM.
1162 629 1235 725 375

182 765 224 834 qui
237 759 363 831 complures
377 779 451 812 annos
474 771 504 812 rt.
521 759 546 812 d.
559 758 715 830 pleilosopltioe
733 757 864 808 battuebat.
885 758 972 810 Altera
991 759 1074 830 princ.
1098 779 1120 811 a.
1146 765 1237 830 1470,

181 841 266 892 Puris.
281 852 307 892 ct
318 840 400 910 Long.
417 843 457 910 qui
468 839 607 909 cumplures
621 858 695 888 armos
710 849 739 888 st.
757 837 782 889 d.
795 837 950 906 philosophia
965 837 1096 890 luahitobat.
1110 837 1161 890 sed
1174 837 1237 893 edit.

183 919 266 972 Corn.
277 920 339 989 Arg.
356 919 446 970 Lumb.
463 917 562 972 Schott.
579 917 657 971 Boecl.
674 921 716 989 qui
732 916 860 986 complures
879 935 951 968 annos
967 916 1045 968 studio
1062 918 1145 969 metus
1158 919 1238 988 pbilo·

183 999 273 1068 supluoe
279 997 380 1050 Athenis
387 998 521 1059 habitabat,
534 996 605 1068 quod
613 998 688 1050 unice
697 1014 788 1048 verum
800 1013 867 1061 esse,
876 997 917 1048 vel
927 1014 984 1066 quse
993 1009 1137 1066 sequuntur
1145 999 1237 1064 verba,

183 1076 286 1128 lubebat
299 1081 323 1128 iu
339 1079 412 1129 ltalia
424 1082 541 1147 pretiosas
550 1079 716 1146 possessiones,
730 1074 870 1128 declarant.
891 1072 1018 1128 Eamdem
1029 1077 1166 1128 lectionem
1181 1078 1237 1130 lac.

182 1153 255 1208 Frid.
270 1155 446 1226 Heusingerus
460 1159 554 1228 probat
568 1157 595 1208 iu
609 1155 760 1226 Fmgmentis
776 1155 849 1208 Corn.
867 1155 930 1226 Nep.
945 1154 1088 1226 Guelplrerb.
1101 1173 1159 1228 pag.
1184 1163 1237 1220 aab

183 1253 242 1306 sqq.
255 1254 354 1306 nosque
367 1255 423 1288 eam
440 1237 466 1288 in
482 1249 582 1288 textum
596 1237 730 1288 restituere
744 1255 797 1287 uon
812 1232 999 1288 dubitavimus.
1013 1234 1119 1286 Bardili.

225 1377 357 1436 Arrrous,
377 1377 460 1440 XIX,
481 1395 507 1446 p.
531 1377 594 1428 281.
625 1377 683 1426 Diri
700 1369 794 1438 [lulli]
808 1373 867 1442 filii.
894 1373 1039 1427 Schottieni
1054 1373 1239 1445 Gilanianique

185 1451 307 1505 codicum
329 1454 468 1507 lectionem
483 1449 559 1518 [Diui
569 1447 638 1524 filii]
654 1454 734 1524 magis
753 1454 847 1518 etiam,
872 1472 950 1524 quam
970 1471 1036 1524 quos
1049 1454 1092 1505 ille
1110 1451 1237 1515 laudavit,

183 1533 332 1603 quibusque
343 1534 438 1586 similes
452 1535 580 1606 plurimos
595 1552 678 1603 quum
689 1551 827 1594 nummos,
838 1546 893 1584 tum
908 1532 1009 1604 lapides
1019 1545 1082 1586 vett.
1098 1531 1169 1604 apud
1184 1535 1240 1585 An·

183 1611 312 1683 tiquarios
326 1612 419 1678 babes,
443 1613 601 1666 confirmant
616 1613 735 1681 nummi,
756 1613 783 1664 iu
801 1614 897 1682 quibus
912 1613 1043 1683 Augustus
1059 1613 1157 1684 pariter
1179 1630 1239 1665 rare.

183 1707 255 1743 mvr.
281 1709 303 1742 r.
322 1691 542 1748 omisso.Ceesarr's
561 1705 586 1744 et
605 1693 712 1761 Augusti
731 1692 839 1744 nomine
854 1693 1061 1762 cognomineque
1077 1692 1240 1764 appellatur,

183 1771 257 1822 utin
270 1789 337 1822 creo
353 1791 412 1824 meo
427 1769 521 1823 medice
534 1770 723 1842 magnitudinis
738 1769 748 1831 (
764 1771 806 1823 cui
819 1771 916 1823 similes
926 1783 952 1823 et
963 1772 1071 1824 Erizzm
1085 1790 1113 1823 ac
1127 1771 1241 1840 Angelo-

183 1869 236 1902 nus
252 1849 409 1915 exhibent),
427 1851 454 1902 in
470 1853 544 1922 cujus
560 1849 666 1902 adversa
682 1851 747 1902 lacie
758 1848 813 1901 duo
824 1850 908 1922 capita
924 1847 1050 1921 (Augusti
1065 1864 1091 1903 et
1106 1852 1241 1922 Agrippas,

182 1941 216 1980 ut
235 1927 343 1992 volunt)
358 1949 418 1982 cum
438 1929 623 2001 inscriptione,
642 1949 721 2001 quam
739 1928 868 1994 diximus5
887 1929 915 1981 iu
934 1947 1036 1994 aversa,
1058 1949 1115 1982 con.
1132 1947 1201 1982 usu.
1216 1943 1242 1982 et

181 2008 333 2062 crocodilus
352 2011 444 2080 palmae
459 2011 546 2062 arbori
575 2011 714 2080 alligatus,
737 2027 766 2060 ac
790 2007 894 2061 duobus
913 2011 992 2060 ramis
1011 2010 1139 2061 insistens.
1161 2010 1195 2061 Et
1213 2009 1241 2060 iu

181 2089 238 2140 alio
252 2087 322 2160 apud
336 2088 485 2155 Oeconem,
501 2109 527 2160 p.
545 2090 597 2158 73,
612 2090 639 2141 in
651 2107 703 2158 quo
720 2087 811 2141 eadem
827 2088 976 2159 inscriptio,
987 2101 1013 2141 et
1026 2101 1105 2158 caput
1120 2089 1242 2158 Augusti,

182 2169 215 2218 in
230 2187 317 2220 aversa
330 2187 393 2220 vero
406 2181 498 2240 parte:
510 2185 536 2230 Q.
552 2187 670 2220 uenturo.
685 2185 756 2220 trun.
774 2180 821 2220 etc.
836 2168 1024 2239 Nempequum
1035 2186 1149 2239 eousque
1163 2185 1242 2220 nemo

182 2247 252 2299 alius
269 2248 337 2298 inter
351 2249 432 2299 Divos
449 2248 546 2299 relatus
561 2260 627 2300 esset
646 2243 727 2306 (nam
746 2247 794 2298 Cn.
811 2246 930 2317 Pompeii
950 2247 1040 2316 Magni
1061 2266 1200 2311 nummus,
1214 2247 1241 2300 iu

183 2344 241 2398 qno
258 2327 384 2394 templum
402 2325 527 2378 cumbae
543 2326 734 2396 subscriptione
751 2343 757 2376 :
774 2342 967 2388 coustcnsrro,
987 2326 1096 2394 legitur,
1116 2344 1170 2378 non
1190 2344 1241 2378 una

184 2423 263 2456 causa
281 2404 345 2456 mihi
366 2417 500 2476 suspectus
519 2419 572 2469 est,
595 2417 624 2456 ut
639 2403 700 2456 alibi
714 2399 843 2466 docebo),
859 2400 948 2454 addito
964 2403 1026 2454 Iulii
1040 2405 1161 2468 nomine,
1190 2423 1242 2474 quo

188 2485 211 2536 is
227 2483 260 2535 ab
283 2483 340 2535 aliis
356 2481 424 2536 divis
443 2483 649 2549 discerneretur,
671 2503 737 2555 opus
760 2503 814 2536 nou
838 2495 901 2534 erat.
922 2483 1054 2554 Augustus
1077 2495 1164 2534 autem
1188 2484 1242 2534 sola

188 2565 340 2634 Imperatoris
358 2564 546 2635 appellatione,
560 2583 617 2635 quae
636 2563 674 2615 illi
691 2582 763 2636 seque
783 2581 812 2614 ac
829 2563 898 2631 putri
914 2563 987 2614 lulio
1003 2563 1062 2614 loco
1074 2562 1243 2634 pronominis

187 2641 294 2695 decreta
310 2644 409 2708 luerat,
425 2642 565 2716 aliquando
584 2642 775 2714 designabatur.
792 2643 880 2706 Quare
893 2641 937 2693 vin
950 2640 1058 2706 dubito,
1072 2641 1135 2693 Iulii
1147 2660 1241 2694 nornen

188 2723 233 2775 bic
250 2721 452 2794 expungendum
471 2741 534 2776 esse.
555 2723 713 2794 Quanquam
730 2722 837 2774 interim
854 2739 909 2772 non
924 2719 1018 2772 desunt
1031 2720 1147 2792 exempla
1161 2739 1243 2793 quum

188 2821 376 2867 nummorum,
392 2816 421 2856 ut
435 2801 504 2876 apud
517 2801 664 2866 Oeconem,
675 2821 702 2872 p.
721 2803 767 2872 37,
782 2808 828 2864 ia,
845 2807 896 2864 44,
912 2803 962 2864 46,
976 2801 1028 2865 50;
1043 2812 1241 2862 tumsanorum,

190 2880 262 2954 apud
275 2881 433 2947 Gruterum,
448 2903 475 2954 p.
488 2882 620 2951 58‚1‚p.
637 2899 743 2951 177,r,
759 2880 943 2952 p.226,5,p.
956 2880 1109 2950 aud,6,p.
1124 2881 1243 2944 tolita,

189 2961 217 3012 in
231 2962 326 3032 quibus
340 2960 410 3014 idem
423 2965 553 3034 Angustus
567 2963 626 3012 Diri
635 2961 697 3011 lulr't'
703 2961 734 3012 F.
746 2973 862 3012 vocatur.
884 2957 935 3011 Sed
947 2959 974 3010 in
989 2959 1020 3011 iis
1033 2959 1130 3028 ubique
1142 2958 1244 3010 Coeseris

189 3060 286 3093 nomen
302 3042 479 3112 premittitur.
496 3044 611 3111 Apparet
624 3053 709 3091 autem
724 3059 754 3092 er
769 3038 908 3102 hocloco,
923 3037 1049 3108 scriptum
1060 3038 1131 3091 hunc
1146 3037 1243 3090 librum

189 3133 265 3187 ante,
277 3139 356 3192 quam
373 3121 481 3190 Augusti
492 3139 636 3191 cognomen
651 3120 676 3172 ei
691 3117 884 3172 decerneretur.
898 3117 993 3169 Bosius.

229 3263 360 3325 Ar‘rrcus,
376 3259 468 3322 xx11,
481 3278 508 3329 p.
522 3259 585 3321 184.
599 3259 638 3310 Ne
651 3257 686 3308 ud
697 3257 737 3316 id,
749 3255 909 3328 quadratura
924 3268 1027 3324 cogeret,
1042 3259 1090 3326 iore
1099 3275 1189 3327 quoquc
1200 3258 1248 3309 sibi

190 3340 336 3389 acceleraret.
354 3340 413 3390 Bos.
431 3338 530 3390 Staver.
544 3337 690 3389 Tzachuclt.
708 3337 794 3388 Brenn.
815 3334 914 3388 Harles.
932 3353 961 3386 tte
976 3336 1011 3388 ad
1021 3335 1057 3397 id,
1079 3355 1102 3406 q.
1119 3354 1145 3390 rt.
1157 3355 1178 3388 c.
1198 3340 1246 3406 ipse

190 3437 281 3489 quoque
295 3418 446 3476 acceleraret,
463 3418 559 3468 omisso
566 3417 723 3488 pronomine
733 3414 786 3468 etti.
799 3413 902 3468 Codicis
908 3413 960 3466 Gn.
974 3415 1176 3486 principumque
1183 3414 1244 3469 edd.

191 3497 328 3548 lectionem
342 3515 401 3548 cum
418 3496 579 3567 Heusingern
595 3497 790 3556 revocavimus,
811 3497 886 3566 eujus
901 3494 957 3546 buc
974 3494 1008 3547 ad
1024 3495 1112 3548 locum
1127 3508 1246 3548 nostrum

192 3576 324 3626 annotatio
332 3589 371 3627 est
380 3593 386 3626 :
395 3576 479 3627 Multa
493 3587 554 3627 suut
563 3575 716 3627 (trecorum
731 3588 757 3627 et
767 3576 919 3628 Latinorum
933 3575 1173 3645 scriptorumloca,
1188 3577 1247 3644 qui·

192 3655 241 3706 bus
253 3654 331 3724 hujus
345 3656 446 3724 generis
458 3654 614 3726 pronomina
631 3653 765 3706 abundare
775 3653 913 3714 videntur,
932 3665 959 3706 et
971 3667 1057 3707 tamen
1069 3655 1102 3706 ab
1115 3655 1177 3725 ipsis
1187 3671 1248 3707 auc·

194 3735 293 3786 toribus
306 3747 476 3786 accesserunt.
489 3729 635 3803 Exemplis,
646 3751 704 3804 quc
717 3734 892 3800 aVechnero‚
902 3733 1063 3786 Hellenolex.
1072 3749 1097 3795 t,
1110 3753 1138 3796 n,
1152 3750 1208 3804 cup.
1221 3739 1251 3797 6,

192 3833 250 3884 pag.
269 3817 338 3884 176,
354 3825 380 3864 et
393 3831 406 3864 a
418 3831 460 3866 me
473 3811 506 3866 ad
520 3832 581 3866 eum
596 3814 684 3865 locum
697 3814 804 3866 collecta
815 3825 892 3878 sunt,
902 3831 986 3864 unum
999 3810 1068 3864 addo
1083 3809 1199 3874 Horatii,
1220 3829 1249 3878 ι,

192 3893 277 3963 Smyr.
295 3900 327 3958 4,
340 3895 373 3956 34
391 3911 397 3946 :
418 3891 543 3946 bunum
559 3897 629 3945 risum
642 3894 760 3945 Excutiat
770 3895 828 3954 sihi,
843 3912 889 3944 rrort
903 3893 941 3942 lric
956 3895 1063 3962 cuiquam
1073 3893 1247 3959 porcetumico.

193 3974 253 4024 Non
265 3973 323 4025 vult
337 3972 474 4035 Horatius,
490 3985 518 4025 ut
531 3973 576 4025 sibi
587 3977 658 4024 risum
670 3978 786 4031 excutiat,
803 3970 848 4024 sed
862 3983 889 4022 ut
900 3971 968 4031 aliis,
985 3966 1133 4021 oblectandi
1145 3969 1185 4020 sui
1194 3989 1251 4040 gra·

192 4053 237 4104 tia.
254 4053 307 4104 Sibi
317 4053 405 4124 itaque
418 4051 488 4124 apud
501 4053 639 4105 Horatium
651 4050 784 4104 commodi
797 4062 835 4103 est
844 4049 960 4112 dativus,
977 4061 1006 4100 ut
1019 4049 1062 4100 hic
1075 4046 1250 4114 broommodi‚

193 4133 347 4204 quicunque
362 4132 474 4185 orationi
488 4131 565 4202 adjici
583 4143 677 4202 potest.
697 4129 759 4183 Vid.
776 4129 861 4181 Sauct.
875 4129 986 4181 Minerv.
1002 4145 1039 4191 rr,
1050 4135 1082 4193 4,
1094 4125 1163 4179 etad
1176 4127 1251 4181 illum

193 4209 280 4263 locum
300 4213 419 4266 Perizon.
442 4233 468 4266 n.
490 4213 514 4263 5.
539 4212 627 4275 Quare
640 4211 686 4262 sibi
699 4211 829 4262 accelerare
844 4209 879 4260 ud
889 4207 982 4280 aliquid
992 4219 1045 4272 est,
1062 4225 1121 4260 curn
1137 4208 1250 4260 maximo

194 4289 262 4340 malo
274 4294 405 4364 exitioque
420 4313 468 4346 suo
483 4291 633 4345 accelerare.
657 4290 703 4341 Ad
717 4308 794 4356 vero,
815 4287 888 4360 quod
900 4298 971 4342 recte
985 4287 1078 4341 bosius
1091 4285 1250 4352 vindicavit,

970 4355 1041 4454 ulr⁴
1121 4413 1126 4424 ·
