<?xml version="1.0" encoding="UTF-8"?>
<!DOCTYPE html PUBLIC "-//W3C//DTD XHTML 1.0 Transitional//EN"
    "http://www.w3.org/TR/xhtml1/DTD/xhtml1-transitional.dtd">
<html xmlns="http://www.w3.org/1999/xhtml" xml:lang="en" lang="en">
 <head>
  <title>
</title>
<meta http-equiv="Content-Type" content="text/html;charset=utf-8" />
  <meta name='ocr-system' content='tesseract 3.04.00' />
  <meta name='ocr-capabilities' content='ocr_page ocr_carea ocr_par ocr_line ocrx_word'/>
</head>
<body>
  <div class='ocr_page' id='page_1' title='image "./corneliusnepose00descgoog_0029.png"; bbox 0 0 3200 5120; ppageno 0'>
   <div class='ocr_carea' id='block_1_1' title="bbox 383 480 1196 574">
    <p class='ocr_par' dir='ltr' id='par_1_1' title="bbox 383 480 1196 574">
     <span class='ocr_line' id='line_1_1' title="bbox 383 480 1196 574; baseline -0.005 0"><span class='ocrx_word' id='word_1_1' title='bbox 383 528 469 574; x_wconf 69' lang='lat' dir='ltr'>xxiv</span> <span class='ocrx_word' id='word_1_2' title='bbox 619 505 843 572; x_wconf 81' lang='lat' dir='ltr'>uorirm</span> <span class='ocrx_word' id='word_1_3' title='bbox 869 480 1196 572; x_wconf 71' lang='lat' dir='ltr'>massulam</span> 
     </span>
    </p>
   </div>
   <div class='ocr_carea' id='block_1_2' title="bbox 377 622 1438 3564">
    <p class='ocr_par' dir='ltr' id='par_1_2' title="bbox 377 622 1438 3564">
     <span class='ocr_line' id='line_1_2' title="bbox 381 622 1432 719; baseline -0.004 -23"><span class='ocrx_word' id='word_1_4' title='bbox 381 641 476 710; x_wconf 90' lang='lat' dir='ltr'>sunt,</span> <span class='ocrx_word' id='word_1_5' title='bbox 498 625 616 719; x_wconf 91' lang='lat' dir='ltr'>quibus</span> <span class='ocrx_word' id='word_1_6' title='bbox 641 626 858 718; x_wconf 91' lang='lat' dir='ltr'>subjiciuntur</span> <span class='ocrx_word' id='word_1_7' title='bbox 878 627 976 693; x_wconf 90' lang='lat' dir='ltr'>etiam</span> <span class='ocrx_word' id='word_1_8' title='bbox 1002 651 1021 693; x_wconf 92' lang='lat' dir='ltr'>e</span> <span class='ocrx_word' id='word_1_9' title='bbox 1048 626 1150 693; x_wconf 88' lang='lat' dir='ltr'>veteri</span> <span class='ocrx_word' id='word_1_10' title='bbox 1172 622 1254 692; x_wconf 90' lang='lat' dir='ltr'>libro</span> <span class='ocrx_word' id='word_1_11' title='bbox 1284 622 1432 693; x_wconf 81' lang='lat' dir='ltr'>Abbatiae</span> 
     </span>
     <span class='ocr_line' id='line_1_3' title="bbox 382 729 1434 826; baseline -0.002 -26"><span class='ocrx_word' id='word_1_12' title='bbox 382 730 547 800; x_wconf 86' lang='lat' dir='ltr'>Fesulanae</span> <span class='ocrx_word' id='word_1_13' title='bbox 575 745 607 798; x_wconf 90' lang='lat' dir='ltr'>et</span> <span class='ocrx_word' id='word_1_14' title='bbox 633 729 736 799; x_wconf 86' lang='lat' dir='ltr'>altero</span> <span class='ocrx_word' id='word_1_15' title='bbox 755 733 943 800; x_wconf 89' lang='lat' dir='ltr'>Britannico</span> <span class='ocrx_word' id='word_1_16' title='bbox 967 755 1026 826; x_wconf 90' lang='lat' dir='ltr'>per</span> <span class='ocrx_word' id='word_1_17' title='bbox 1054 733 1127 799; x_wconf 83' lang='lat' dir='ltr'>Ant.</span> <span class='ocrx_word' id='word_1_18' title='bbox 1153 731 1373 822; x_wconf 65' lang='lat' dir='ltr'>augustinum</span> <span class='ocrx_word' id='word_1_19' title='bbox 1400 743 1434 798; x_wconf 91' lang='lat' dir='ltr'>ct</span> 
     </span>
     <span class='ocr_line' id='line_1_4' title="bbox 381 835 1433 930; baseline -0.001 -27"><span class='ocrx_word' id='word_1_20' title='bbox 381 837 448 904; x_wconf 88' lang='lat' dir='ltr'>Jac.</span> <span class='ocrx_word' id='word_1_21' title='bbox 468 838 683 929; x_wconf 89' lang='lat' dir='ltr'>Bongarsium</span> <span class='ocrx_word' id='word_1_22' title='bbox 703 839 738 904; x_wconf 79' lang='lat' dir='ltr'>A.</span> <span class='ocrx_word' id='word_1_23' title='bbox 759 837 896 906; x_wconf 91' lang='lat' dir='ltr'>Schotto</span> <span class='ocrx_word' id='word_1_24' title='bbox 916 837 1105 905; x_wconf 88' lang='lat' dir='ltr'>transmissa</span> <span class='ocrx_word' id='word_1_25' title='bbox 1115 835 1295 930; x_wconf 78' lang='lat' dir='ltr'>fragmenta</span> <span class='ocrx_word' id='word_1_26' title='bbox 1315 835 1383 903; x_wconf 95' lang='lat' dir='ltr'>duo</span> <span class='ocrx_word' id='word_1_27' title='bbox 1394 859 1433 902; x_wconf 80' lang='lat' dir='ltr'>ex</span> 
     </span>
     <span class='ocr_line' id='line_1_5' title="bbox 382 936 1433 1035; baseline 0.001 -28"><span class='ocrx_word' id='word_1_28' title='bbox 382 940 527 1034; x_wconf 80' lang='lat' dir='ltr'>Epistola</span> <span class='ocrx_word' id='word_1_29' title='bbox 550 942 726 1028; x_wconf 71' lang='lat' dir='ltr'>Corneliae,</span> <span class='ocrx_word' id='word_1_30' title='bbox 744 943 920 1010; x_wconf 91' lang='lat' dir='ltr'>virtutibus</span> <span class='ocrx_word' id='word_1_31' title='bbox 934 956 967 1010; x_wconf 90' lang='lat' dir='ltr'>et</span> <span class='ocrx_word' id='word_1_32' title='bbox 986 941 1171 1035; x_wconf 84' lang='lat' dir='ltr'><strong>eloquentia</strong></span> <span class='ocrx_word' id='word_1_33' title='bbox 1187 936 1373 1008; x_wconf 80' lang='lat' dir='ltr'>clarissimae</span> <span class='ocrx_word' id='word_1_34' title='bbox 1388 940 1433 1008; x_wconf 90' lang='lat' dir='ltr'>le-</span> 
     </span>
     <span class='ocr_line' id='line_1_6' title="bbox 382 1045 1433 1141; baseline 0 -27"><span class='ocrx_word' id='word_1_35' title='bbox 382 1049 496 1128; x_wconf 75' lang='lat' dir='ltr'>minre,</span> <span class='ocrx_word' id='word_1_36' title='bbox 515 1072 587 1140; x_wconf 84' lang='lat' dir='ltr'>quae</span> <span class='ocrx_word' id='word_1_37' title='bbox 604 1049 763 1141; x_wconf 88' lang='lat' dir='ltr'>Scipionis</span> <span class='ocrx_word' id='word_1_38' title='bbox 780 1048 921 1116; x_wconf 77' lang='lat' dir='ltr'>Africani</span> <span class='ocrx_word' id='word_1_39' title='bbox 939 1046 1033 1132; x_wconf 89' lang='lat' dir='ltr'>filia¹,</span> <span class='ocrx_word' id='word_1_40' title='bbox 1047 1047 1169 1115; x_wconf 89' lang='lat' dir='ltr'>Tiberii</span> <span class='ocrx_word' id='word_1_41' title='bbox 1189 1045 1334 1115; x_wconf 82' lang='lat' dir='ltr'>Gracchi</span> <span class='ocrx_word' id='word_1_42' title='bbox 1346 1049 1433 1115; x_wconf 90' lang='lat' dir='ltr'>Cen-</span> 
     </span>
     <span class='ocr_line' id='line_1_7' title="bbox 383 1150 1433 1238; baseline 0.001 -19"><span class='ocrx_word' id='word_1_43' title='bbox 383 1157 464 1220; x_wconf 83' lang='lat' dir='ltr'>soris</span> <span class='ocrx_word' id='word_1_44' title='bbox 479 1177 579 1236; x_wconf 87' lang='lat' dir='ltr'>uxor,</span> <span class='ocrx_word' id='word_1_45' title='bbox 600 1154 828 1222; x_wconf 84' lang='lat' dir='ltr'>Gracchorum</span> <span class='ocrx_word' id='word_1_46' title='bbox 851 1177 930 1220; x_wconf 89' lang='lat' dir='ltr'>vero</span> <span class='ocrx_word' id='word_1_47' title='bbox 948 1153 1085 1238; x_wconf 89' lang='lat' dir='ltr'>Tiberii,</span> <span class='ocrx_word' id='word_1_48' title='bbox 1104 1167 1137 1219; x_wconf 89' lang='lat' dir='ltr'>et</span> <span class='ocrx_word' id='word_1_49' title='bbox 1150 1152 1236 1234; x_wconf 90' lang='lat' dir='ltr'>Caii,</span> <span class='ocrx_word' id='word_1_50' title='bbox 1257 1176 1296 1219; x_wconf 89' lang='lat' dir='ltr'>ac</span> <span class='ocrx_word' id='word_1_51' title='bbox 1318 1150 1433 1220; x_wconf 90' lang='lat' dir='ltr'>decem</span> 
     </span>
     <span class='ocr_line' id='line_1_8' title="bbox 381 1255 1433 1352; baseline 0.002 -28"><span class='ocrx_word' id='word_1_52' title='bbox 381 1272 537 1352; x_wconf 74' lang='lat' dir='ltr'>praetcrea</span> <span class='ocrx_word' id='word_1_53' title='bbox 559 1255 752 1344; x_wconf 88' lang='lat' dir='ltr'>liberorum,</span> <span class='ocrx_word' id='word_1_54' title='bbox 771 1256 963 1325; x_wconf 83' lang='lat' dir='ltr'>materfuit.</span> <span class='ocrx_word' id='word_1_55' title='bbox 987 1259 1113 1352; x_wconf 81' lang='lat' dir='ltr'>Scripta</span> <span class='ocrx_word' id='word_1_56' title='bbox 1133 1271 1182 1326; x_wconf 92' lang='lat' dir='ltr'>est</span> <span class='ocrx_word' id='word_1_57' title='bbox 1202 1257 1244 1324; x_wconf 91' lang='lat' dir='ltr'>ad</span> <span class='ocrx_word' id='word_1_58' title='bbox 1263 1258 1301 1325; x_wconf 89' lang='lat' dir='ltr'>C.</span> <span class='ocrx_word' id='word_1_59' title='bbox 1325 1259 1433 1328; x_wconf 89' lang='lat' dir='ltr'>Grac·</span> 
     </span>
     <span class='ocr_line' id='line_1_9' title="bbox 383 1361 1434 1457; baseline 0 -26"><span class='ocrx_word' id='word_1_60' title='bbox 383 1363 481 1432; x_wconf 90' lang='lat' dir='ltr'>chum</span> <span class='ocrx_word' id='word_1_61' title='bbox 500 1362 601 1432; x_wconf 92' lang='lat' dir='ltr'>lilium</span> <span class='ocrx_word' id='word_1_62' title='bbox 614 1416 623 1447; x_wconf 90' lang='lat'>,</span> <span class='ocrx_word' id='word_1_63' title='bbox 637 1378 674 1430; x_wconf 89' lang='lat' dir='ltr'>ut</span> <span class='ocrx_word' id='word_1_64' title='bbox 694 1389 768 1430; x_wconf 86' lang='lat' dir='ltr'>curn</span> <span class='ocrx_word' id='word_1_65' title='bbox 791 1363 999 1432; x_wconf 86' lang='lat' dir='ltr'>deterrereta</span> <span class='ocrx_word' id='word_1_66' title='bbox 1015 1363 1213 1457; x_wconf 89' lang='lat' dir='ltr'>capessenda</span> <span class='ocrx_word' id='word_1_67' title='bbox 1233 1361 1434 1457; x_wconf 88' lang='lat' dir='ltr'>Republica,</span> 
     </span>
     <span class='ocr_line' id='line_1_10' title="bbox 382 1467 1435 1562; baseline -0.001 -26"><span class='ocrx_word' id='word_1_68' title='bbox 382 1483 415 1536; x_wconf 90' lang='lat' dir='ltr'>ct</span> <span class='ocrx_word' id='word_1_69' title='bbox 432 1468 627 1537; x_wconf 80' lang='lat' dir='ltr'>vindicanda</span> <span class='ocrx_word' id='word_1_70' title='bbox 651 1492 730 1535; x_wconf 89' lang='lat' dir='ltr'>nece</span> <span class='ocrx_word' id='word_1_71' title='bbox 751 1467 859 1536; x_wconf 82' lang='lat' dir='ltr'>fratris</span> <span class='ocrx_word' id='word_1_72' title='bbox 879 1470 914 1535; x_wconf 91' lang='lat' dir='ltr'>T.</span> <span class='ocrx_word' id='word_1_73' title='bbox 939 1469 1098 1552; x_wconf 78' lang='lat' dir='ltr'>Gracchi,</span> <span class='ocrx_word' id='word_1_74' title='bbox 1118 1469 1192 1536; x_wconf 91' lang='lat' dir='ltr'>licet</span> <span class='ocrx_word' id='word_1_75' title='bbox 1213 1469 1282 1561; x_wconf 86' lang='lat' dir='ltr'>ipse</span> <span class='ocrx_word' id='word_1_76' title='bbox 1303 1491 1435 1562; x_wconf 91' lang='lat' dir='ltr'>quoque</span> 
     </span>
     <span class='ocr_line' id='line_1_11' title="bbox 382 1573 1434 1667; baseline 0.001 -27"><span class='ocrx_word' id='word_1_77' title='bbox 382 1573 499 1641; x_wconf 88' lang='lat' dir='ltr'>deinde</span> <span class='ocrx_word' id='word_1_78' title='bbox 518 1573 634 1661; x_wconf 84' lang='lat' dir='ltr'>fratre,</span> <span class='ocrx_word' id='word_1_79' title='bbox 655 1574 712 1666; x_wconf 91' lang='lat' dir='ltr'>qui</span> <span class='ocrx_word' id='word_1_80' title='bbox 730 1589 805 1642; x_wconf 92' lang='lat' dir='ltr'>ante</span> <span class='ocrx_word' id='word_1_81' title='bbox 821 1574 1022 1667; x_wconf 89' lang='lat' dir='ltr'>trigesimum</span> <span class='ocrx_word' id='word_1_82' title='bbox 1040 1576 1141 1643; x_wconf 80' lang='lat' dir='ltr'>aetatis</span> <span class='ocrx_word' id='word_1_83' title='bbox 1159 1599 1281 1642; x_wconf 90' lang='lat' dir='ltr'>annum</span> <span class='ocrx_word' id='word_1_84' title='bbox 1296 1573 1434 1643; x_wconf 93' lang='lat' dir='ltr'>obtrun-</span> 
     </span>
     <span class='ocr_line' id='line_1_12' title="bbox 382 1677 1435 1766; baseline -0.001 -19"><span class='ocrx_word' id='word_1_85' title='bbox 382 1693 473 1747; x_wconf 88' lang='lat' dir='ltr'>catus</span> <span class='ocrx_word' id='word_1_86' title='bbox 503 1677 626 1766; x_wconf 86' lang='lat' dir='ltr'>fuerat,</span> <span class='ocrx_word' id='word_1_87' title='bbox 648 1703 767 1748; x_wconf 91' lang='lat' dir='ltr'>novem</span> <span class='ocrx_word' id='word_1_88' title='bbox 790 1679 883 1746; x_wconf 90' lang='lat' dir='ltr'>annis</span> <span class='ocrx_word' id='word_1_89' title='bbox 904 1681 1027 1764; x_wconf 89' lang='lat' dir='ltr'>minor,</span> <span class='ocrx_word' id='word_1_90' title='bbox 1050 1681 1177 1748; x_wconf 89' lang='lat' dir='ltr'>somnio</span> <span class='ocrx_word' id='word_1_91' title='bbox 1199 1681 1345 1748; x_wconf 87' lang='lat' dir='ltr'>monitus</span> <span class='ocrx_word' id='word_1_92' title='bbox 1365 1703 1435 1748; x_wconf 90' lang='lat' dir='ltr'>rem</span> 
     </span>
     <span class='ocr_line' id='line_1_13' title="bbox 382 1782 1438 1879; baseline 0.004 -29"><span class='ocrx_word' id='word_1_93' title='bbox 382 1787 495 1877; x_wconf 84' lang='lat' dir='ltr'>gessit,</span> <span class='ocrx_word' id='word_1_94' title='bbox 514 1782 661 1878; x_wconf 86' lang='lat' dir='ltr'>neglecta</span> <span class='ocrx_word' id='word_1_95' title='bbox 686 1787 798 1852; x_wconf 86' lang='lat' dir='ltr'>matris</span> <span class='ocrx_word' id='word_1_96' title='bbox 816 1798 1001 1878; x_wconf 91' lang='lat' dir='ltr'>opportuna</span> <span class='ocrx_word' id='word_1_97' title='bbox 1022 1785 1274 1869; x_wconf 85' lang='lat' dir='ltr'>dehortatione,</span> <span class='ocrx_word' id='word_1_98' title='bbox 1295 1799 1438 1879; x_wconf 85' lang='lat' dir='ltr'>postque</span> 
     </span>
     <span class='ocr_line' id='line_1_14' title="bbox 382 1888 1434 1977; baseline 0.002 -21"><span class='ocrx_word' id='word_1_99' title='bbox 382 1889 584 1958; x_wconf 86' lang='lat' dir='ltr'>tribunatum</span> <span class='ocrx_word' id='word_1_100' title='bbox 598 1891 726 1958; x_wconf 91' lang='lat' dir='ltr'>occisus</span> <span class='ocrx_word' id='word_1_101' title='bbox 738 1904 803 1974; x_wconf 92' lang='lat' dir='ltr'>est,</span> <span class='ocrx_word' id='word_1_102' title='bbox 819 1915 905 1958; x_wconf 87' lang='lat' dir='ltr'>anno</span> <span class='ocrx_word' id='word_1_103' title='bbox 917 1892 958 1959; x_wconf 91' lang='lat' dir='ltr'>U.</span> <span class='ocrx_word' id='word_1_104' title='bbox 977 1895 1014 1960; x_wconf 94' lang='lat' dir='ltr'>C.</span> <span class='ocrx_word' id='word_1_105' title='bbox 1034 1888 1128 1977; x_wconf 76' lang='lat'>633,</span> <span class='ocrx_word' id='word_1_106' title='bbox 1142 1905 1217 1958; x_wconf 90' lang='lat' dir='ltr'>ante</span> <span class='ocrx_word' id='word_1_107' title='bbox 1231 1890 1292 1960; x_wconf 91' lang='lat' dir='ltr'>Ch.</span> <span class='ocrx_word' id='word_1_108' title='bbox 1308 1893 1434 1960; x_wconf 85' lang='lat' dir='ltr'><strong>CXXI.</strong></span> 
     </span>
     <span class='ocr_line' id='line_1_15' title="bbox 384 1993 1435 2091; baseline 0.002 -29"><span class='ocrx_word' id='word_1_109' title='bbox 384 1994 537 2062; x_wconf 89' lang='lat' dir='ltr'>Cornelia</span> <span class='ocrx_word' id='word_1_110' title='bbox 562 1993 616 2062; x_wconf 91' lang='lat' dir='ltr'>illa</span> <span class='ocrx_word' id='word_1_111' title='bbox 637 1994 753 2063; x_wconf 88' lang='lat' dir='ltr'>maluit</span> <span class='ocrx_word' id='word_1_112' title='bbox 779 1995 878 2063; x_wconf 87' lang='lat' dir='ltr'>vidua</span> <span class='ocrx_word' id='word_1_113' title='bbox 906 1998 1020 2064; x_wconf 83' lang='lat' dir='ltr'>Romae</span> <span class='ocrx_word' id='word_1_114' title='bbox 1041 2021 1153 2065; x_wconf 88' lang='lat' dir='ltr'>curam</span> <span class='ocrx_word' id='word_1_115' title='bbox 1180 2021 1293 2091; x_wconf 82' lang='lat' dir='ltr'>gerere</span> <span class='ocrx_word' id='word_1_116' title='bbox 1314 1997 1435 2066; x_wconf 88' lang='lat' dir='ltr'>educa·</span> 
     </span>
     <span class='ocr_line' id='line_1_16' title="bbox 377 2098 1436 2196; baseline 0.003 -28"><span class='ocrx_word' id='word_1_117' title='bbox 377 2101 480 2168; x_wconf 87' lang='lat' dir='ltr'>‘tionis</span> <span class='ocrx_word' id='word_1_118' title='bbox 497 2098 691 2184; x_wconf 88' lang='lat' dir='ltr'>liberorum,</span> <span class='ocrx_word' id='word_1_119' title='bbox 703 2125 800 2193; x_wconf 80' lang='lat' dir='ltr'>quani</span> <span class='ocrx_word' id='word_1_120' title='bbox 816 2125 891 2169; x_wconf 91' lang='lat' dir='ltr'>cum</span> <span class='ocrx_word' id='word_1_121' title='bbox 910 2101 1100 2188; x_wconf 81' lang='lat' dir='ltr'>Ptolcmaeo,</span> <span class='ocrx_word' id='word_1_122' title='bbox 1119 2104 1248 2196; x_wconf 84' lang='lat' dir='ltr'>AEgypti</span> <span class='ocrx_word' id='word_1_123' title='bbox 1267 2127 1362 2196; x_wconf 85' lang='lat' dir='ltr'>rege,</span> <span class='ocrx_word' id='word_1_124' title='bbox 1380 2103 1436 2196; x_wconf 91' lang='lat' dir='ltr'>qui</span> 
     </span>
     <span class='ocr_line' id='line_1_17' title="bbox 384 2205 1436 2300; baseline 0.003 -28"><span class='ocrx_word' id='word_1_125' title='bbox 384 2207 513 2300; x_wconf 86' lang='lat' dir='ltr'>nuptias</span> <span class='ocrx_word' id='word_1_126' title='bbox 538 2206 607 2297; x_wconf 88' lang='lat' dir='ltr'>ejus</span> <span class='ocrx_word' id='word_1_127' title='bbox 634 2205 793 2292; x_wconf 89' lang='lat' dir='ltr'>ambibat,</span> <span class='ocrx_word' id='word_1_128' title='bbox 816 2231 970 2299; x_wconf 88' lang='lat' dir='ltr'>regnare,</span> <span class='ocrx_word' id='word_1_129' title='bbox 997 2222 1035 2275; x_wconf 91' lang='lat' dir='ltr'>ut</span> <span class='ocrx_word' id='word_1_130' title='bbox 1062 2205 1161 2275; x_wconf 85' lang='lat' dir='ltr'>refert</span> <span class='ocrx_word' id='word_1_131' title='bbox 1183 2205 1380 2278; x_wconf 86' lang='lat' dir='ltr'>Plutarchus</span> <span class='ocrx_word' id='word_1_132' title='bbox 1400 2210 1436 2276; x_wconf 92' lang='lat' dir='ltr'>in</span> 
     </span>
     <span class='ocr_line' id='line_1_18' title="bbox 384 2311 1435 2407; baseline 0.005 -30"><span class='ocrx_word' id='word_1_133' title='bbox 384 2313 449 2379; x_wconf 86' lang='lat' dir='ltr'>vita</span> <span class='ocrx_word' id='word_1_134' title='bbox 469 2312 702 2381; x_wconf 86' lang='lat' dir='ltr'>Gracchorum</span> <span class='ocrx_word' id='word_1_135' title='bbox 723 2311 876 2395; x_wconf 84' lang='lat' dir='ltr'>fratrum,</span> <span class='ocrx_word' id='word_1_136' title='bbox 892 2338 923 2407; x_wconf 94' lang='lat' dir='ltr'>p.</span> <span class='ocrx_word' id='word_1_137' title='bbox 947 2313 1031 2397; x_wconf 72' lang='lat' dir='ltr'>Bad-</span> <span class='ocrx_word' id='word_1_138' title='bbox 1057 2314 1130 2382; x_wconf 85' lang='lat' dir='ltr'>Gaii</span> <span class='ocrx_word' id='word_1_139' title='bbox 1148 2314 1292 2382; x_wconf 88' lang='lat' dir='ltr'>Gracchi</span> <span class='ocrx_word' id='word_1_140' title='bbox 1311 2312 1435 2384; x_wconf 92' lang='lat' dir='ltr'>librum</span> 
     </span>
     <span class='ocr_line' id='line_1_19' title="bbox 384 2416 1434 2513; baseline 0.005 -31"><span class='ocrx_word' id='word_1_141' title='bbox 384 2431 545 2484; x_wconf 87' lang='lat' dir='ltr'>memorat</span> <span class='ocrx_word' id='word_1_142' title='bbox 565 2416 672 2502; x_wconf 89' lang='lat' dir='ltr'>idem,</span> <span class='ocrx_word' id='word_1_143' title='bbox 690 2440 721 2509; x_wconf 93' lang='lat' dir='ltr'>p.</span> <span class='ocrx_word' id='word_1_144' title='bbox 739 2416 836 2503; x_wconf 76' lang='lat'><em>8283</em></span> <span class='ocrx_word' id='word_1_145' title='bbox 857 2420 1037 2487; x_wconf 89' lang='lat' dir='ltr'>orationem</span> <span class='ocrx_word' id='word_1_146' title='bbox 1056 2444 1118 2513; x_wconf 89' lang='lat' dir='ltr'>pro</span> <span class='ocrx_word' id='word_1_147' title='bbox 1140 2421 1270 2505; x_wconf 85' lang='lat' dir='ltr'>Vettio,</span> <span class='ocrx_word' id='word_1_148' title='bbox 1291 2445 1323 2513; x_wconf 90' lang='lat' dir='ltr'>p.</span> <span class='ocrx_word' id='word_1_149' title='bbox 1347 2417 1434 2491; x_wconf 84' lang='lat'><strong>835.</strong></span> 
     </span>
     <span class='ocr_line' id='line_1_20' title="bbox 383 2521 1436 2619; baseline 0.008 -32"><span class='ocrx_word' id='word_1_150' title='bbox 383 2521 600 2590; x_wconf 88' lang='lat' dir='ltr'>Tib.Graochi</span> <span class='ocrx_word' id='word_1_151' title='bbox 610 2521 802 2614; x_wconf 77' lang='lat' dir='ltr'>eloquentiae</span> <span class='ocrx_word' id='word_1_152' title='bbox 812 2526 988 2616; x_wconf 87' lang='lat' dir='ltr'>specimina</span> <span class='ocrx_word' id='word_1_153' title='bbox 1002 2525 1153 2618; x_wconf 78' lang='lat' dir='ltr'>quaedam</span> <span class='ocrx_word' id='word_1_154' title='bbox 1163 2525 1436 2619; x_wconf 78' lang='lat' dir='ltr'>exhibet,p.828,</span> 
     </span>
     <span class='ocr_line' id='line_1_21' title="bbox 387 2623 1436 2723; baseline 0.002 -27"><span class='ocrx_word' id='word_1_155' title='bbox 387 2623 455 2696; x_wconf 84' lang='lat'>831</span> <span class='ocrx_word' id='word_1_156' title='bbox 479 2651 557 2719; x_wconf 86' lang='lat' dir='ltr'>seq,</span> <span class='ocrx_word' id='word_1_157' title='bbox 577 2629 614 2695; x_wconf 89' lang='lat' dir='ltr'>C.</span> <span class='ocrx_word' id='word_1_158' title='bbox 635 2629 794 2712; x_wconf 88' lang='lat' dir='ltr'>Gracchi,</span> <span class='ocrx_word' id='word_1_159' title='bbox 806 2655 836 2723; x_wconf 92' lang='lat' dir='ltr'>p.</span> <span class='ocrx_word' id='word_1_160' title='bbox 854 2627 938 2699; x_wconf 85' lang='lat'><strong>836.</strong></span> <span class='ocrx_word' id='word_1_161' title='bbox 959 2629 1025 2698; x_wconf 89' lang='lat' dir='ltr'>Ubi</span> <span class='ocrx_word' id='word_1_162' title='bbox 1044 2631 1141 2698; x_wconf 88' lang='lat' dir='ltr'>etiam</span> <span class='ocrx_word' id='word_1_163' title='bbox 1160 2629 1201 2696; x_wconf 91' lang='lat' dir='ltr'>de</span> <span class='ocrx_word' id='word_1_164' title='bbox 1219 2630 1287 2720; x_wconf 88' lang='lat' dir='ltr'>ejus</span> <span class='ocrx_word' id='word_1_165' title='bbox 1307 2629 1341 2695; x_wconf 93' lang='lat' dir='ltr'>in</span> <span class='ocrx_word' id='word_1_166' title='bbox 1360 2655 1436 2706; x_wconf 58' lang='lat' dir='ltr'>mae</span> 
     </span>
     <span class='ocr_line' id='line_1_22' title="bbox 384 2731 1435 2826; baseline 0.004 -26"><span class='ocrx_word' id='word_1_167' title='bbox 384 2747 468 2801; x_wconf 86' lang='lat' dir='ltr'>trem</span> <span class='ocrx_word' id='word_1_168' title='bbox 486 2735 715 2818; x_wconf 88' lang='lat' dir='ltr'>veneratione,</span> <span class='ocrx_word' id='word_1_169' title='bbox 735 2748 906 2826; x_wconf 91' lang='lat' dir='ltr'>statuaque</span> <span class='ocrx_word' id='word_1_170' title='bbox 924 2733 1083 2802; x_wconf 80' lang='lat' dir='ltr'>Corneliae</span> <span class='ocrx_word' id='word_1_171' title='bbox 1103 2731 1203 2800; x_wconf 83' lang='lat' dir='ltr'>afilio</span> <span class='ocrx_word' id='word_1_172' title='bbox 1217 2734 1338 2825; x_wconf 82' lang='lat' dir='ltr'>posita3</span> <span class='ocrx_word' id='word_1_173' title='bbox 1359 2759 1435 2826; x_wconf 84' lang='lat' dir='ltr'>quae</span> 
     </span>
     <span class='ocr_line' id='line_1_23' title="bbox 383 2835 1435 2929; baseline 0.003 -23"><span class='ocrx_word' id='word_1_174' title='bbox 383 2853 508 2906; x_wconf 88' lang='lat' dir='ltr'>tantam</span> <span class='ocrx_word' id='word_1_175' title='bbox 528 2839 644 2908; x_wconf 87' lang='lat' dir='ltr'>domus</span> <span class='ocrx_word' id='word_1_176' title='bbox 663 2863 728 2908; x_wconf 86' lang='lat' dir='ltr'>suae</span> <span class='ocrx_word' id='word_1_177' title='bbox 743 2837 868 2905; x_wconf 83' lang='lat' dir='ltr'>cladem</span> <span class='ocrx_word' id='word_1_178' title='bbox 885 2839 1083 2929; x_wconf 83' lang='lat' dir='ltr'>miserosque.</span> <span class='ocrx_word' id='word_1_179' title='bbox 1101 2835 1243 2904; x_wconf 88' lang='lat' dir='ltr'>filiorum</span> <span class='ocrx_word' id='word_1_180' title='bbox 1258 2859 1352 2906; x_wconf 87' lang='lat' dir='ltr'>casus</span> <span class='ocrx_word' id='word_1_181' title='bbox 1365 2837 1435 2908; x_wconf 87' lang='lat' dir='ltr'>for·</span> 
     </span>
     <span class='ocr_line' id='line_1_24' title="bbox 385 2940 1434 3036; baseline 0 -24"><span class='ocrx_word' id='word_1_182' title='bbox 385 2945 509 3012; x_wconf 89' lang='lat' dir='ltr'>tissimo</span> <span class='ocrx_word' id='word_1_183' title='bbox 526 2959 623 3035; x_wconf 90' lang='lat' dir='ltr'>atque</span> <span class='ocrx_word' id='word_1_184' title='bbox 635 2944 756 3010; x_wconf 85' lang='lat' dir='ltr'>invicto</span> <span class='ocrx_word' id='word_1_185' title='bbox 771 2944 881 3009; x_wconf 91' lang='lat' dir='ltr'>animo</span> <span class='ocrx_word' id='word_1_186' title='bbox 899 2940 987 3026; x_wconf 90' lang='lat' dir='ltr'>tulit,</span> <span class='ocrx_word' id='word_1_187' title='bbox 1004 2956 1057 3028; x_wconf 90' lang='lat' dir='ltr'>ut,</span> <span class='ocrx_word' id='word_1_188' title='bbox 1072 2955 1190 3036; x_wconf 73' lang='lat' dir='ltr'>praeter</span> <span class='ocrx_word' id='word_1_189' title='bbox 1203 2941 1434 3034; x_wconf 87' lang='lat' dir='ltr'>Plutarchum,</span> 
     </span>
     <span class='ocr_line' id='line_1_25' title="bbox 384 3045 1433 3142; baseline 0.001 -25"><span class='ocrx_word' id='word_1_190' title='bbox 384 3075 417 3142; x_wconf 90' lang='lat' dir='ltr'>p.</span> <span class='ocrx_word' id='word_1_191' title='bbox 429 3045 519 3131; x_wconf 72' lang='lat'>843,</span> <span class='ocrx_word' id='word_1_192' title='bbox 529 3047 672 3116; x_wconf 88' lang='lat' dir='ltr'>celebrat</span> <span class='ocrx_word' id='word_1_193' title='bbox 683 3047 821 3131; x_wconf 87' lang='lat' dir='ltr'>Seneca,</span> <span class='ocrx_word' id='word_1_194' title='bbox 835 3045 1057 3115; x_wconf 86' lang='lat' dir='ltr'>consolatione</span> <span class='ocrx_word' id='word_1_195' title='bbox 1069 3047 1111 3116; x_wconf 89' lang='lat' dir='ltr'>ad</span> <span class='ocrx_word' id='word_1_196' title='bbox 1119 3049 1433 3135; x_wconf 86' lang='lat' dir='ltr'>Marciam,c.XVI.</span> 
     </span>
     <span class='ocr_line' id='line_1_26' title="bbox 384 3150 1435 3243; baseline 0.004 -24"><span class='ocrx_word' id='word_1_197' title='bbox 384 3150 586 3243; x_wconf 71' lang='lat' dir='ltr'>Eloquentiae</span> <span class='ocrx_word' id='word_1_198' title='bbox 600 3151 828 3219; x_wconf 88' lang='lat' dir='ltr'>Gracchorum</span> <span class='ocrx_word' id='word_1_199' title='bbox 844 3152 1064 3220; x_wconf 88' lang='lat' dir='ltr'>testimonium</span> <span class='ocrx_word' id='word_1_200' title='bbox 1082 3167 1131 3222; x_wconf 87' lang='lat' dir='ltr'>est</span> <span class='ocrx_word' id='word_1_201' title='bbox 1148 3167 1181 3222; x_wconf 88' lang='lat' dir='ltr'>et</span> <span class='ocrx_word' id='word_1_202' title='bbox 1200 3153 1264 3222; x_wconf 93' lang='lat' dir='ltr'>hoc</span> <span class='ocrx_word' id='word_1_203' title='bbox 1280 3157 1435 3223; x_wconf 88' lang='lat' dir='ltr'>Mamerti</span> 
     </span>
     <span class='ocr_line' id='line_1_27' title="bbox 386 3254 1436 3349; baseline 0.005 -24"><span class='ocrx_word' id='word_1_204' title='bbox 386 3254 577 3340; x_wconf 87' lang='lat' dir='ltr'>Claudiani,</span> <span class='ocrx_word' id='word_1_205' title='bbox 595 3254 740 3349; x_wconf 91' lang='lat' dir='ltr'>Epistola</span> <span class='ocrx_word' id='word_1_206' title='bbox 754 3255 795 3324; x_wconf 92' lang='lat' dir='ltr'>ad</span> <span class='ocrx_word' id='word_1_207' title='bbox 807 3257 994 3349; x_wconf 88' lang='lat' dir='ltr'>Sapaudum</span> <span class='ocrx_word' id='word_1_208' title='bbox 1009 3258 1205 3328; x_wconf 91' lang='lat' dir='ltr'>Rhetorem:</span> <span class='ocrx_word' id='word_1_209' title='bbox 1222 3289 1238 3322; x_wconf 77' lang='lat' dir='ltr'>a</span> <span class='ocrx_word' id='word_1_210' title='bbox 1257 3262 1387 3329; x_wconf 84' lang='lat' dir='ltr'>Naevius</span> <span class='ocrx_word' id='word_1_211' title='bbox 1401 3276 1436 3330; x_wconf 88' lang='lat' dir='ltr'>et</span> 
     </span>
     <span class='ocr_line' id='line_1_28' title="bbox 385 3359 1434 3458; baseline 0.004 -28"><span class='ocrx_word' id='word_1_212' title='bbox 385 3361 520 3430; x_wconf 85' lang='lat' dir='ltr'>Plautus</span> <span class='ocrx_word' id='word_1_213' title='bbox 543 3361 601 3429; x_wconf 90' lang='lat' dir='ltr'>tibi</span> <span class='ocrx_word' id='word_1_214' title='bbox 623 3359 664 3428; x_wconf 92' lang='lat' dir='ltr'>ad</span> <span class='ocrx_word' id='word_1_215' title='bbox 688 3359 898 3455; x_wconf 84' lang='lat' dir='ltr'>elegantiam,</span> <span class='ocrx_word' id='word_1_216' title='bbox 916 3365 1000 3432; x_wconf 89' lang='lat' dir='ltr'>Cato</span> <span class='ocrx_word' id='word_1_217' title='bbox 1022 3363 1065 3432; x_wconf 95' lang='lat' dir='ltr'>ad</span> <span class='ocrx_word' id='word_1_218' title='bbox 1086 3364 1302 3458; x_wconf 85' lang='lat' dir='ltr'>gravitatem,</span> <span class='ocrx_word' id='word_1_219' title='bbox 1325 3369 1434 3434; x_wconf 85' lang='lat' dir='ltr'>Varro</span> 
     </span>
     <span class='ocr_line' id='line_1_29' title="bbox 385 3465 1434 3564; baseline 0.004 -29"><span class='ocrx_word' id='word_1_220' title='bbox 385 3465 427 3535; x_wconf 88' lang='lat' dir='ltr'>ad</span> <span class='ocrx_word' id='word_1_221' title='bbox 449 3467 615 3560; x_wconf 88' lang='lat' dir='ltr'>peritiam,</span> <span class='ocrx_word' id='word_1_222' title='bbox 636 3467 815 3537; x_wconf 87' lang='lat' dir='ltr'>Gracchus</span> <span class='ocrx_word' id='word_1_223' title='bbox 842 3467 882 3535; x_wconf 86' lang='lat' dir='ltr'>ad</span> <span class='ocrx_word' id='word_1_224' title='bbox 908 3470 1139 3554; x_wconf 90' lang='lat' dir='ltr'>acrimoniam,</span> <span class='ocrx_word' id='word_1_225' title='bbox 1168 3470 1372 3564; x_wconf 85' lang='lat' dir='ltr'>Chrysippus</span> <span class='ocrx_word' id='word_1_226' title='bbox 1392 3471 1434 3539; x_wconf 87' lang='lat' dir='ltr'>ad</span> 
     </span>
    </p>
   </div>
   <div class='ocr_carea' id='block_1_3' title="bbox 385 3648 1433 4196">
    <p class='ocr_par' dir='ltr' id='par_1_3' title="bbox 385 3648 1433 4196">
     <span class='ocr_line' id='line_1_30' title="bbox 429 3648 1433 3720; baseline 0.002 -18"><span class='ocrx_word' id='word_1_227' title='bbox 429 3669 453 3702; x_wconf 86' lang='lat' dir='ltr'>r.</span> <span class='ocrx_word' id='word_1_228' title='bbox 469 3648 660 3712; x_wconf 88' lang='lat' dir='ltr'>Quintilianus,</span> <span class='ocrx_word' id='word_1_229' title='bbox 674 3649 721 3701; x_wconf 88' lang='lat' dir='ltr'>lib.</span> <span class='ocrx_word' id='word_1_230' title='bbox 738 3651 767 3712; x_wconf 92' lang='lat' dir='ltr'>l,</span> <span class='ocrx_word' id='word_1_231' title='bbox 780 3669 835 3720; x_wconf 89' lang='lat' dir='ltr'>cap.</span> <span class='ocrx_word' id='word_1_232' title='bbox 856 3668 886 3702; x_wconf 92' lang='lat'>1:</span> <span class='ocrx_word' id='word_1_233' title='bbox 930 3651 1013 3716; x_wconf 89' lang='lat' dir='ltr'>citur;</span> <span class='ocrx_word' id='word_1_234' title='bbox 1027 3664 1053 3703; x_wconf 87' lang='lat' dir='ltr'>et</span> <span class='ocrx_word' id='word_1_235' title='bbox 1067 3652 1100 3716; x_wconf 91' lang='lat' dir='ltr'>Q.</span> <span class='ocrx_word' id='word_1_236' title='bbox 1119 3650 1252 3704; x_wconf 83' lang='lat' dir='ltr'>Hortensii</span> <span class='ocrx_word' id='word_1_237' title='bbox 1269 3651 1328 3704; x_wconf 75' lang='lat' dir='ltr'>lilios</span> <span class='ocrx_word' id='word_1_238' title='bbox 1349 3652 1433 3704; x_wconf 86' lang='lat' dir='ltr'>oratio</span> 
     </span>
     <span class='ocr_line' id='line_1_31' title="bbox 390 3728 1432 3800; baseline 0.006 -24"><span class='ocrx_word' id='word_1_239' title='bbox 390 3757 401 3776; x_wconf 81' lang='grc'><strong><em>.</em></strong></span> <span class='ocrx_word' id='word_1_240' title='bbox 416 3728 596 3781; x_wconf 87' lang='lat' dir='ltr'>Gracchorum</span> <span class='ocrx_word' id='word_1_241' title='bbox 609 3728 763 3797; x_wconf 67' lang='lat' dir='ltr'>eloquentie</span> <span class='ocrx_word' id='word_1_242' title='bbox 775 3729 888 3781; x_wconf 89' lang='lat' dir='ltr'>multum</span> <span class='ocrx_word' id='word_1_243' title='bbox 931 3729 1000 3800; x_wconf 89' lang='lat' dir='ltr'>apud</span> <span class='ocrx_word' id='word_1_244' title='bbox 1006 3731 1171 3783; x_wconf 82' lang='lat' dir='ltr'>Triumviros</span> <span class='ocrx_word' id='word_1_245' title='bbox 1180 3731 1267 3783; x_wconf 79' lang='lat' dir='ltr'>habita</span> <span class='ocrx_word' id='word_1_246' title='bbox 1276 3731 1370 3800; x_wconf 85' lang='lat' dir='ltr'>legitur</span> <span class='ocrx_word' id='word_1_247' title='bbox 1377 3749 1432 3782; x_wconf 89' lang='lat' dir='ltr'>non</span> 
     </span>
     <span class='ocr_line' id='line_1_32' title="bbox 386 3807 1431 3878; baseline 0 -16"><span class='ocrx_word' id='word_1_248' title='bbox 386 3807 829 3878; x_wconf 81' lang='lat' dir='ltr'>contulisseaccepimusCorneliam</span> <span class='ocrx_word' id='word_1_249' title='bbox 838 3827 889 3860; x_wconf 85' lang='lat' dir='ltr'>nra·</span> <span class='ocrx_word' id='word_1_250' title='bbox 932 3821 1033 3862; x_wconf 88' lang='lat' dir='ltr'>tantum</span> <span class='ocrx_word' id='word_1_251' title='bbox 1054 3810 1081 3862; x_wconf 91' lang='lat' dir='ltr'>in</span> <span class='ocrx_word' id='word_1_252' title='bbox 1106 3828 1181 3862; x_wconf 82' lang='lat' dir='ltr'>sexus</span> <span class='ocrx_word' id='word_1_253' title='bbox 1201 3811 1336 3862; x_wconf 85' lang='lat' dir='ltr'>honorem.</span> <span class='ocrx_word' id='word_1_254' title='bbox 1357 3835 1367 3854; x_wconf 80' lang='grc' dir='ltr'><strong>ι</strong></span> <span class='ocrx_word' id='word_1_255' title='bbox 1392 3811 1431 3862; x_wconf 90' lang='lat' dir='ltr'>De</span> 
     </span>
     <span class='ocr_line' id='line_1_33' title="bbox 386 3885 1431 3960; baseline 0 -21"><span class='ocrx_word' id='word_1_256' title='bbox 386 3901 469 3948; x_wconf 84' lang='lat' dir='ltr'>trem,</span> <span class='ocrx_word' id='word_1_257' title='bbox 487 3890 561 3956; x_wconf 88' lang='lat' dir='ltr'>cujus</span> <span class='ocrx_word' id='word_1_258' title='bbox 577 3885 741 3940; x_wconf 86' lang='lat' dir='ltr'>doctissimus</span> <span class='ocrx_word' id='word_1_259' title='bbox 758 3907 842 3939; x_wconf 77' lang='lat' dir='ltr'>sermo</span> <span class='ocrx_word' id='word_1_260' title='bbox 861 3888 887 3939; x_wconf 92' lang='lat' dir='ltr'>in</span> <span class='ocrx_word' id='word_1_261' title='bbox 930 3888 1110 3941; x_wconf 85' lang='lat' dir='ltr'>Gracchorum</span> <span class='ocrx_word' id='word_1_262' title='bbox 1127 3889 1274 3960; x_wconf 87' lang='lat' dir='ltr'>eloquentia</span> <span class='ocrx_word' id='word_1_263' title='bbox 1289 3885 1349 3939; x_wconf 82' lang='lat' dir='ltr'>vide</span> <span class='ocrx_word' id='word_1_264' title='bbox 1369 3888 1431 3939; x_wconf 86' lang='lat' dir='ltr'>Plu-</span> 
     </span>
     <span class='ocr_line' id='line_1_34' title="bbox 385 3966 1433 4039; baseline 0.002 -22"><span class='ocrx_word' id='word_1_265' title='bbox 385 3979 506 4037; x_wconf 86' lang='lat' dir='ltr'>posteros</span> <span class='ocrx_word' id='word_1_266' title='bbox 526 3985 630 4038; x_wconf 87' lang='lat' dir='ltr'>qnoque</span> <span class='ocrx_word' id='word_1_267' title='bbox 645 3979 683 4018; x_wconf 82' lang='lat' dir='ltr'>est</span> <span class='ocrx_word' id='word_1_268' title='bbox 697 3967 820 4037; x_wconf 82' lang='lat' dir='ltr'>Epistolis</span> <span class='ocrx_word' id='word_1_269' title='bbox 836 3979 887 4018; x_wconf 84' lang='lat' dir='ltr'>tra·</span> <span class='ocrx_word' id='word_1_270' title='bbox 931 3967 1058 4032; x_wconf 89' lang='lat' dir='ltr'>tarebum,</span> <span class='ocrx_word' id='word_1_271' title='bbox 1070 3989 1096 4039; x_wconf 93' lang='lat' dir='ltr'>p.</span> <span class='ocrx_word' id='word_1_272' title='bbox 1108 3969 1173 4022; x_wconf 76' lang='lat'><strong>825.</strong></span> <span class='ocrx_word' id='word_1_273' title='bbox 1183 3966 1358 4038; x_wconf 84' lang='lat' dir='ltr'>Epistularum</span> <span class='ocrx_word' id='word_1_274' title='bbox 1368 3967 1433 4019; x_wconf 90' lang='lat' dir='ltr'>Cor-</span> 
     </span>
     <span class='ocr_line' id='line_1_35' title="bbox 385 4043 1433 4115; baseline 0.001 -20"><span class='ocrx_word' id='word_1_275' title='bbox 385 4043 475 4106; x_wconf 88' lang='lat' dir='ltr'>ditus;</span> <span class='ocrx_word' id='word_1_276' title='bbox 492 4058 517 4096; x_wconf 85' lang='lat' dir='ltr'>et</span> <span class='ocrx_word' id='word_1_277' title='bbox 532 4045 604 4096; x_wconf 79' lang='lat' dir='ltr'>Laelii</span> <span class='ocrx_word' id='word_1_278' title='bbox 628 4046 682 4098; x_wconf 87' lang='lat' dir='ltr'>filia</span> <span class='ocrx_word' id='word_1_279' title='bbox 699 4043 843 4098; x_wconf 83' lang='lat' dir='ltr'>reddidisse</span> <span class='ocrx_word' id='word_1_280' title='bbox 859 4047 886 4098; x_wconf 94' lang='lat' dir='ltr'>in</span> <span class='ocrx_word' id='word_1_281' title='bbox 930 4047 1005 4098; x_wconf 64' lang='lat' dir='ltr'>nelias</span> <span class='ocrx_word' id='word_1_282' title='bbox 1018 4046 1049 4099; x_wconf 88' lang='lat' dir='ltr'>ad</span> <span class='ocrx_word' id='word_1_283' title='bbox 1061 4047 1145 4099; x_wconf 85' lang='lat' dir='ltr'>filium</span> <span class='ocrx_word' id='word_1_284' title='bbox 1161 4047 1251 4110; x_wconf 89' lang='lat' dir='ltr'>Caium</span> <span class='ocrx_word' id='word_1_285' title='bbox 1266 4063 1370 4115; x_wconf 85' lang='lat' dir='ltr'>quoque</span> <span class='ocrx_word' id='word_1_286' title='bbox 1381 4065 1433 4096; x_wconf 81' lang='lat' dir='ltr'>me-</span> 
     </span>
     <span class='ocr_line' id='line_1_36' title="bbox 386 4121 1373 4196; baseline 0 -20"><span class='ocrx_word' id='word_1_287' title='bbox 386 4121 518 4195; x_wconf 87' lang='lat' dir='ltr'>loquendo</span> <span class='ocrx_word' id='word_1_288' title='bbox 533 4137 668 4194; x_wconf 84' lang='lat' dir='ltr'>paternam</span> <span class='ocrx_word' id='word_1_289' title='bbox 681 4125 833 4195; x_wconf 75' lang='lat' dir='ltr'>elegantiam</span> <span class='ocrx_word' id='word_1_290' title='bbox 850 4123 888 4177; x_wconf 90' lang='lat' dir='ltr'>di·</span> <span class='ocrx_word' id='word_1_291' title='bbox 930 4127 1007 4178; x_wconf 88' lang='lat' dir='ltr'>minit</span> <span class='ocrx_word' id='word_1_292' title='bbox 1023 4128 1050 4179; x_wconf 91' lang='lat' dir='ltr'>in</span> <span class='ocrx_word' id='word_1_293' title='bbox 1071 4125 1161 4180; x_wconf 82' lang='lat' dir='ltr'>eadem</span> <span class='ocrx_word' id='word_1_294' title='bbox 1178 4126 1247 4190; x_wconf 88' lang='lat' dir='ltr'>rita,</span> <span class='ocrx_word' id='word_1_295' title='bbox 1262 4143 1289 4196; x_wconf 92' lang='lat' dir='ltr'>p.</span> <span class='ocrx_word' id='word_1_296' title='bbox 1307 4125 1373 4187; x_wconf 72' lang='lat'>840.</span> 
     </span>
    </p>
   </div>
   <div class='ocr_carea' id='block_1_4' title="bbox 0 0 1609 5120">
    <p class='ocr_par' dir='ltr' id='par_1_4' title="bbox 0 0 1609 5120">
     <span class='ocr_line' id='line_1_37' title="bbox 0 0 1609 5120; baseline 0 0"><span class='ocrx_word' id='word_1_297' title='bbox 0 0 1609 5120; x_wconf 95' lang='lat' dir='ltr'> </span> 
     </span>
    </p>
   </div>
  </div>
 </body>
</html>
