3200 5120
420 549 500 595 xxrr
655 521 878 593 NOTITIA
905 520 1228 588 Ll'truututt

419 654 707 750 terpretationibus
729 653 944 722 vindicantur.
968 654 1009 719 In
1030 652 1094 721 hoc
1109 648 1469 746 Spicilegiumanimad·
1587 663 1588 698 ³

420 763 586 830 versiones
614 759 704 828 dedit
732 762 806 828 Van
830 759 986 826 Staveren
1008 759 1041 825 in
1065 757 1146 826 Obs.
1174 753 1311 824 Miscell.
1332 756 1467 826 Dorvill.

419 867 672 961 posterioribus,
692 881 714 935 t.
731 859 800 950 VI,
822 887 854 956 p.
881 861 953 932 513
975 887 1054 956 seq,
1076 865 1110 930 in
1127 861 1245 955 quibus
1262 887 1296 930 se
1317 861 1469 930 adversus

421 973 491 1066 ejus
512 972 780 1066 reprehensiones
802 968 976 1038 defendere
999 983 1146 1037 conatur.

474 1079 532 1147 His
546 1077 710 1146 addantur
729 1079 758 1145 J.
780 1079 818 1142 H.
842 1073 1014 1167 Schlegelii
1031 1073 1286 1142 Observationes
1304 1074 1425 1142 critica
1440 1087 1471 1142 et

420 1183 584 1253 historicae
603 1185 637 1252 in
652 1186 753 1254 Corn.
774 1184 857 1273 Nep.
878 1203 952 1248 cum
967 1178 1181 1272 chronologia
1201 1201 1262 1248 rer.
1285 1181 1429 1248 Graecar.
1441 1193 1473 1248 et

421 1291 577 1375 Persicar.
595 1287 854 1382 Carthaginiens.
877 1300 910 1352 et
930 1287 1107 1353 Romanar.
1128 1284 1170 1352 ad
1188 1283 1340 1354 eumdem
1355 1299 1473 1358 aucto·

422 1419 492 1464 rem
507 1393 752 1475 illustrandum,
773 1392 928 1477 Havniae,
953 1390 1068 1485 1778,
1086 1394 1125 1478 4,
1143 1415 1175 1484 p.
1198 1413 1235 1460 tt
1261 1414 1340 1483 seq,
1359 1393 1472 1462 Frane

422 1499 584 1570 Theodor.
601 1497 742 1569 Kohlius
756 1498 788 1564 in
808 1509 983 1565 comment.
1000 1497 1136 1582 criticis,
1151 1495 1268 1564 Hamb.
1291 1510 1324 1564 et
1344 1494 1474 1583 Kiloni,

428 1628 538 1700 1727,
555 1605 595 1688 ὃς
610 1607 636 1671 Ι.
651 1607 690 1672 C.
703 1605 734 1671 S.
750 1601 935 1695 explanatio
955 1601 1131 1670 verborum
1153 1603 1289 1695 Nepotis
1303 1627 1312 1688 ;
1327 1605 1362 1670 T.
1378 1603 1474 1670 Pom·

422 1711 541 1803 ponius
563 1712 691 1778 Atticus
708 1709 750 1778 ab
765 1707 880 1777 ultima
901 1707 1025 1803 origine
1044 1709 1152 1802 stirpis
1170 1709 1327 1778 Romanae
1341 1729 1475 1801 genera·

423 1829 494 1901 tus,
505 1815 538 1881 iu
550 1817 645 1884 Misc.
662 1809 751 1908 Lips.
769 1839 845 1882 nov.
859 1829 882 1883 t.
899 1816 969 1900 III,
983 1829 1066 1909 part.
1076 1816 1138 1901 lv,
1150 1839 1181 1908 p.
1196 1811 1272 1908 669
1284 1811 1479 1900 3Schwabe,

423 1921 574 1988 Rectoris
594 1920 754 1989 Buttstad.
776 1934 950 1988 comment.
965 1917 1150 1988 Periculum
1170 1918 1211 1988 ad
1228 1921 1329 1988 Corn.
1348 1919 1477 2014 Epami·

425 2026 586 2116 nondam,
607 2027 790 2119 cap.VIll,
807 2025 924 2120 1780,
939 2019 977 2110 ’4.

779 2205 916 2298 Scripta
937 2198 1123 2297 deperdita.

477 2355 622 2440 Cornelii
635 2371 770 2464 Nepotis
785 2369 906 2463 scripta
917 2367 1087 2462 deperdita
1101 2384 1171 2438 tum
1188 2370 1336 2464 abipso,
1350 2383 1422 2438 tum
1437 2371 1479 2438 ab

427 2472 498 2543 aliis
512 2475 697 2562 veteribus,
711 2475 781 2543 haec
798 2489 1023 2543 memorantur
1039 2500 1046 2543 :

478 2579 640 2667 Libellus,
661 2605 727 2674 quo
745 2579 916 2675 distinguit
934 2579 1110 2650 litteratum
1129 2581 1170 2650 ab
1185 2580 1322 2648 erudito.
1342 2582 1478 2650 Sueton.

429 2707 498 2780 cap.
518 2685 568 2756 IV
583 2685 624 2755 de
639 2687 877 2756 Grammaticis.

478 2792 721 2861 Chronicorum
736 2791 809 2859 libri
827 2805 892 2860 tres
903 2789 926 2876 ¹3
947 2789 1068 2882 dequo
1086 2813 1185 2883 opere
1200 2785 1349 2856 Catullus
1364 2811 1371 2853 :

534 2937 603 3000 lam
623 2952 713 3017 tum,
731 2955 834 3020 quum
850 2955 947 2996 ausus
967 2953 1020 3013 es,
1036 2951 1122 2996 unus
1139 2933 1310 3014 Italorum,

534 3041 640 3102 Omne
658 3061 762 3102 aarum
780 3037 883 3100 tribus
903 3036 1058 3123 explicare
1073 3037 1206 3118 chartis,

535 3141 663 3219 Doctis,
684 3143 821 3230 Jupiter!
840 3157 872 3204 et
890 3140 1066 3206 laboriosis.

478 3291 713 3468 Enengplorum
737 3291 829 3381 libri,
850 3317 992 3387 quorum
1020 3293 1168 3387 quintum
1200 3293 1311 3364 laudat
1337 3294 1482 3383 Gellius,

428 3399 548 3486 Vll,1
583 3450 590 3467 .

478 3501 659 3572 Illustrium
682 3503 840 3572 Virorum
863 3502 937 3572 libri
959 3503 1163 3600 complures,
1184 3529 1324 3599 quorum
1346 3506 1480 3575 undeci-

472 3706 496 3740 r.
518 3687 665 3752 Ausonius,
682 3686 764 3755 Epist.
779 3687 846 3738 XVI
861 3681 935 3747 (Ve·
979 3688 1080 3740 fabulae.
1101 3688 1168 3742 Nam
1196 3688 1259 3744 fidei
1282 3690 1390 3760 Nepotis
1411 3688 1482 3744 nihil

429 3767 484 3822 neti
498 3765 560 3819 edit.
576 3766 617 3818 111
628 3762 658 3830 ):
674 3792 686 3813 ι
698 3766 810 3836 Nepotis
825 3765 936 3819 Chroni·
978 3766 1090 3820 voluisse
1107 3767 1243 3822 detrahere
1265 3769 1305 3822 his
1321 3767 1406 3820 verbis
1424 3770 1482 3822 Au-

430 3866 461 3899 ca
483 3846 557 3917 quasi
578 3845 641 3898 alios
662 3846 804 3917 apologos,
828 3863 889 3896 nam
911 3859 936 3899 et
979 3847 1097 3911 soniam,
1113 3860 1184 3919 patet
1196 3867 1227 3900 ex
1240 3846 1364 3918 his,qute
1374 3847 1484 3918 subjun-

430 3925 486 3996 ipsa
498 3927 579 3979 instar
590 3937 651 3978 eunt
661 3924 824 3988 fabularum,
838 3922 871 3977 ad
886 3943 935 3977 no·
979 3926 1031 3994 git:
1040 3925 1179 3980 «Gaudent
1191 3939 1266 3996 etque
1276 3926 1353 3978 etiam
1366 3925 1483 3996 glorians

431 4003 561 4056 bilitatem
576 4017 648 4056 tuam
666 4004 734 4057 ruisi.
760 4029 771 4050 ι
792 4001 871 4068 Quod
893 4004 936 4056 ni·
979 4002 1277 4076 lorealiquid,quodad
1288 4004 1483 4058 institutionem

432 4081 529 4135 mirum
543 4101 597 4135 non
619 4083 707 4136 mium
717 4081 834 4154 jucunde
847 4101 936 4136 namu·
979 4079 1113 4150 tuorum,
1128 4084 1271 4139 sedulitatis
1300 4101 1364 4137 mee
1391 4083 1484 4138 studio

431 4173 490 4214 rent
501 4162 685 4234 efficerentque
698 4163 845 4230 lectorem,
858 4181 936 4234 quam
978 4165 1135 4220 consumar.
1155 4191 1166 4214 ι
1184 4165 1227 4219 Ex
1240 4161 1299 4218 ead.
1311 4161 1439 4236 Epistola.
