3246 5134
410 451 482 532 ιιι
666 443 936 513 coaaatrr
962 441 1191 511 aaroars

404 579 532 647 Grecis
551 575 790 645 conductomm
815 573 878 642 tria
900 569 1025 660 millia3
1051 572 1132 642 levis
1153 588 1328 644 annaurroe
1351 581 1459 648 maxi·

403 707 494 752 mum
516 705 699 752 numerum.
721 683 791 748 Has
804 679 961 748 adversus
982 681 1094 773 copias
1112 703 1187 774 spes
1209 681 1317 750 omnis
1335 685 1459 752 consis-
1481 690 1488 710 '

403 789 494 858 tebat
505 789 638 858 Datami
653 788 688 856 iu
699 810 734 855 se
746 783 875 878 locique
893 798 1026 852 natura:
1042 806 1184 879 namque
1195 772 1315 880 hujus³
1329 802 1463 882 partem

403 893 631 964 non·habebat
651 892 840 962 vicesimam
855 888 1005 960 militum.
1026 891 1156 979 Quibus
1171 892 1275 961 fretus
1292 893 1456 978 conflixit,
1516 939 1519 942 -

403 999 731 1092 adversariorumque
747 995 853 1065 multa
873 993 974 1064 millia
994 996 1153 1080 concidit;
1169 1019 1271 1092 quum
1293 998 1335 1068 de
1356 1001 1457 1094 ipsius

402 1107 548 1174 exercitu
559 1129 628 1172 non
645 1100 784 1198 arpplius
798 1102 970 1172 hominum
986 1100 1074 1170 mille
1088 1099 1280 1172 cecidisset:
1297 1113 1397 1197 quam
1411 1106 1457 1175 ob

401 1234 534 1282 causam
555 1224 689 1306 postero
704 1208 759 1278 die
776 1222 937 1303 tropeum
958 1209 1084 1301 posuit,
1104 1233 1171 1303 quo
1189 1207 1263 1280 loco
1281 1209 1385 1303 pridie
1398 1233 1457 1306 pu·

401 1333 538 1411 gratum
546 1330 627 1385 erat.
642 1316 729 1384 Hinc
742 1337 845 1407 quum
861 1327 968 1383 castra
981 1315 1151 1402 movisset,
1166 1330 1359 1410 semperque
1371 1316 1457 1386 infe·

401 1424 469 1492 rior
482 1423 600 1516 copiis,
610 1421 758 1515 superior
771 1419 925 1488 omnibus
938 1417 1055 1512 praeliis
1070 1419 1267 1510 discederet,
1275 1421 1364 1516 quod
1375 1440 1459 1490 nun·

401 1551 500 1621 quam
518 1549 653 1596 manum
671 1537 873 1612 consereret,
890 1525 952 1594 nisi
968 1547 1070 1618 quum
1085 1525 1289 1596 adversarios
1307 1525 1457 1597 locorum

401 1635 558 1726 angustiis
585 1630 775 1716 clausisset,
800 1629 891 1725 quod
917 1633 1025 1725 perito
1052 1619 1250 1726 regionum⁴
1275 1629 1458 1728 callideque

401 1739 559 1832 cogitanti
582 1761 667 1832 sepe
693 1735 886 1824 accidebat,
905 1733 1188 1831 Autophrodates,
1206 1761 1308 1832 quum
1332 1738 1456 1808 bellum

401 1842 477 1912 duci
491 1843 616 1938 majore
633 1843 718 1937 ragis
734 1841 933 1928 calamitate,
946 1863 1045 1936 quam
1059 1843 1340 1932 adversariorum,
1359 1843 1456 1914 vide-

401 1963 469 2037 ret,
481 1947 524 2019 ad
541 1973 657 2044 pacem
674 1949 915 2040 amicitiamque
932 1948 1082 2018 hortatus
1097 1963 1161 2038 est,
1180 1963 1217 2018 ut
1230 1973 1307 2022 cum
1326 1973 1403 2045 rege
1421 1953 1457 2020 in

402 2057 543 2149 gratiam
565 2055 694 2124 rediret.
718 2055 828 2143 Quam
849 2051 904 2122 ille
923 2056 983 2124 etsi
1002 2053 1103 2124 fidam
1124 2079 1192 2124 non
1208 2055 1278 2124 fore
1298 2057 1456 2150 putabat,

401 2175 510 2232 tamen
531 2161 752 2232 conditionem
775 2161 921 2254 accepit,
940 2181 1039 2254 seque
1062 2160 1105 2230 ad
1127 2162 1340 2230 Artaxerxem
1369 2161 1457 2256 lega·

400 2282 451 2336 tos
471 2270 646 2338 missurum
668 2266 757 2336 dixit
779 2267 832 2334 Sic
850 2263 994 2352 bellum,
1015 2266 1104 2360 quod
1124 2287 1182 2336 rex
1202 2265 1359 2337 adversus
1383 2269 1457 2337 Da-

400 2388 520 2444 tamem
541 2386 729 2468 susceperat
746 2371 917 2440 sedatum:
936 2371 1203 2467 Autophradates
1224 2375 1258 2440 in
1280 2373 1455 2468 Phrygiam

399 2503 433 2546 se
457 2503 531 2548 rece
555 2493 588 2547 rt

451 2587 511 2654 IX.
530 2503 575 2654 ilt
591 2595 665 2670 reis,
685 2583 775 2679 quod
792 2579 997 2678 implacabile
1012 2583 1124 2654 odium
1143 2586 1178 2652 ia
1195 2587 1371 2656 Datamem
1389 2609 1456 2656 sus·

400 2705 548 2784 ceperat,
569 2703 744 2786 postquam
766 2688 853 2758 bello
866 2713 942 2758 eum
959 2691 1100 2786 opprimi
1116 2713 1184 2759 ιιοιι
1200 2713 1295 2785 posse
1308 2689 1455 2760 animad·

399 2795 644 2883 vertit‚insidiis
664 2794 847 2864 interlicere
869 2794 994 2865 studuit
1014 2821 1021 2863 :
1045 2818 1126 2892 quas
1145 2794 1198 2865 ille
1216 2795 1387 2893 plerasque
1404 2799 1454 2864 vi·

401 2904 490 2971 tavit.
505 2899 613 2972 Sicut¹
624 2925 727 2994 quum
736 2903 923 2972 nunuatum
933 2916 1035 2988 esset,
1047 2901 1207 2995 quosdam
1217 2903 1278 2973 sibi
1292 2903 1455 2990 insidiari,

400 3009 456 3100 qui
482 3009 515 3074 in
534 3009 716 3076 amicorum
736 3021 831 3075 erant
850 3031 989 3076 numero
1001 2999 1065 3094 (de
1078 3007 1215 3102 quibus,
1227 3006 1317 3102 quod
1331 3009 1453 3078 inimici

398 3111 599 3198 detulerant,
617 3133 723 3205 neque
745 3110 965 3202 credendum,
985 3137 1091 3208 neque
1112 3111 1342 3208 negligendum
1357 3128 1453 3208 puta·

396 3219 446 3286 vit
457 3211 486 3308 );
498 3217 638 3312 experiri
649 3215 768 3303 voluit,
781 3242 897 3286 verum
907 3215 1068 3288 falsumne
1079 3235 1165 3290 essct
1175 3217 1323 3290 relatum.
1337 3221 1454 3315 Itaque

397 3347 437 3390 eo
454 3321 622 3416 profectus
636 3337 703 3410 est,
716 3345 784 3417 quo
797 3324 911 3394 itinere
925 3324 1052 3394 futuras
1070 3325 1203 3394 insidias
1217 3324 1376 3394 dixerant.
1389 3323 1452 3394 Sed

397 3426 494 3524 elegit
513 3451 652 3522 corpore
674 3443 708 3496 et
726 3442 851 3498 statura
871 3427 1070 3498 simillimum
1091 3433 1141 3500 sui
1151 3429 1174 3516 ²,
1190 3432 1283 3524 eique.
1297 3431 1451 3501 vestitum

437 3631 463 3686 3.
479 3631 589 3702 quue
607 3629 677 3701 tque
687 3642 790 3700 partem
804 3631 902 3700 Hujru,
947 3631 1453 3703 tis.-Quunmuarnm.qmdn

398 3711 491 3784 supple
499 3709 618 3776 numeri,
628 3728 676 3766 seu
686 3711 823 3766 exercitus.
946 3711 993 3764 rr'lr'
1007 3711 1125 3765 midias-i.
1133 3710 1205 3765 Vide
1217 3711 1453 3784 Poly-aurumi,

437 3791 562 3856 attam
588 3794 718 3860 agiam.
742 3787 775 3841 ld
799 3802 853 3856 est,
875 3801 904 3842 ut
949 3798 1096 3856 ιι,4.-
1116 3789 1448 3862 demoaatdemhme.

397 3870 902 3941 assiduumpmimmeommmrt
946 3867 1038 3936 Itlest,
1053 3871 1198 3926 amicorum
1214 3887 1323 3926 aarum
1336 3869 1450 3924 inimici.

396 3951 518 4018 Quorum
525 3947 668 4004 admodum
675 3948 737 4004 (luci
744 3947 903 4021 prodestpe·
988 3970 1012 4003 a.
1025 3951 1112 4020 Elegit
1123 3971 1220 4022 corpora
1234 3961 1263 4004 er
1271 3959 1363 4002 atrurn
1372 3950 1450 4002 eissil-

396 4031 465 4084 ritis.
474 4062 514 4078 ι-
523 4031 601 4094 Daci,
612 4043 642 4083 ut
651 4029 821 4102 passim,pro
829 4029 900 4080 tradi.
945 4029 1025 4082 liram
1037 4035 1082 4084 usi.
1094 4029 1213 4100 Utraque
1227 4042 1288 4103 apte
1302 4027 1338 4084 ad
1356 4029 1448 4084 tatten-

434 4109 498 4162 Ωιι.
510 4111 558 4162 tx.
576 4131 598 4162 ι.
611 4109 687 4162 Sicut
704 4107 828 4179 Exempli
842 4123 900 4178 gra·
944 4105 1025 4179 dum,
1039 4108 1185 4182 prmum
1200 4109 1298 4180 quibos
1311 4121 1339 4163 et
1353 4121 1448 4164 statum
