3282 5156
545 436 880 509 FRAGMENTA.
1170 439 1238 513 301

189 573 298 630 mente
330 559 428 628 fuisse
455 559 652 646 Lucullum,
679 561 735 630 sed
762 561 951 655 aquodam
979 561 1096 632 liberto
1129 562 1243 634 Callis·

188 667 288 736 thene
312 666 446 735 venenis
468 681 679 761 corruptum
702 666 815 746 datum
837 681 947 737 autern
969 693 1039 739 esse
1057 693 1245 756 venenum,

187 786 227 841 ut
252 771 468 842 Callisthenes
493 774 671 868 impensius
694 773 736 842 ab
758 799 798 842 eo
818 773 1024 869 diligeretur,
1045 774 1134 869 quod
1159 776 1243 868 ejus-

189 879 278 948 modi
297 880 330 946 vi
353 876 476 973 pollere
496 878 529 947 id
544 893 694 974 putaret,
716 881 761 948 ita
779 903 858 949 vero
881 880 1037 950 alienasse
1055 895 1089 950 et
1110 880 1243 952 solvisse

188 999 334 1054 mentem
354 985 441 1077 ejus,
460 999 498 1053 ut
519 985 627 1054 adhuc
649 988 788 1056 viventis
809 985 979 1056 facultates
1001 986 1103 1054 frater
1123 1011 1243 1080 procu·

189 1106 285 1160 raret.
310 1121 328 1155 υ
353 1091 526 1160 Plutarch.
550 1097 585 1160 in
602 1093 729 1162 Latcrdl.
749 1117 826 1187 cap.
850 1090 909 1178 43.

240 1200 351 1276 Νέπως
369 1204 386 1264 ό
404 1200 572 1292 Κορνηλιος
588 1200 696 1290 φησὶν,
710 1198 922 1294 οῦΚράσσου,
938 1201 1074 1292 Βρούτου
1088 1191 1124 1266 δὲ
1138 1199 1243 1293 θριαμ-

190 1307 354 1390 βεύσαντος
371 1305 434 1372 άπὸ
452 1308 647 1372 Λουσιτανῶν
666 1305 818 1398 θυγατέρα
833 1315 929 1398 γῆμαι
947 1301 1047 1372 Γαέον.

244 1407 416 1480 Cornelius
437 1410 571 1503 Nepos,
589 1435 657 1479 uon
679 1413 804 1498 Crassi,
823 1410 880 1479 sed
898 1412 990 1479 Bruti
1012 1411 1098 1504 ejus,
1122 1413 1177 1504 qui
1202 1411 1245 1480 de

188 1517 353 1586 Lusitanis
366 1515 598 1610 triumphavit,
614 1515 714 1584 filiam
729 1531 871 1610 nuptum
889 1518 971 1586 Caio
985 1508 1178 1606 (Graccho)
1192 1515 1244 1584 da·

190 1637 276 1709 tarn,
296 1623 350 1690 ait„
367 1621 540 1691 Plutarch.
560 1627 596 1692 in
618 1622 761 1692 Gracch.
779 1647 808 1692 c.
833 1647 892 1692 οι.

242 1717 362 1814 Ᾰννόβᾳ
386 1719 421 1794 δέ
444 1735 504 1795 τῶν
526 1728 579 1820 μέν
600 1725 700 1796 ἄλλων
727 1726 920 1862 ἐλάχιστος
904 1755 939 1802 ην
965 1729 1077 1858 λόγος,
1100 1727 1244 1819 Μάρκελ-

187 1841 242 1901 λον
257 1824 292 1900 δὲ
306 1836 497 1902 πεπτωκέναι
511 1834 694 1964 πυθόμενος,
717 1839 838 1914 αῦτὸςε
825 1827 986 1929 ἐξέδραμεν
1000 1833 1050 1902 ἐπὶ
1064 1835 1116 1900 τὸν
1137 1835 1243 1900 τόπον·

190 1939 242 2007 καὶ
258 1949 304 2026 τῷ
320 1951 414 2033 νεκρῷ
428 1945 589 2034 παραςὰς,
610 1941 661 2007 καὶ
683 1945 777 2008 πολὺν
799 1942 905 2070 χρόνον
930 1943 986 2014 τόν
1008 1965 1041 2008 τε
1066 1943 1165 2032 ῥώμην
1190 1951 1244 2008 τοῦ

188 2050 331 2138 σώματος
349 2045 534 2138 καταμαθὼν
553 2045 604 2114 καὶ
624 2049 660 2115 τὸ
679 2039 830 2135 εἶδος,
795 2071 865 2114 ουτε
881 2049 980 2139 ρωνήν
1001 2047 1113 2136 άρῆκεν
1133 2049 1245 2137 ῦπερά·

192 2175 305 2242 φονον,
324 2153 395 2220 οὔτε
408 2152 454 2218 άπ
455 2149 578 2240 ’ὄψεως
593 2155 631 2219 τὸ
647 2157 767 2245 χαῖρον,
786 2150 867 2229 ὡς’
846 2179 881 2218 αν
901 2177 946 2230 τις
964 2141 1081 2244 ἐργώδη
1101 2152 1244 2242 πολέμιον

191 2259 243 2324 καὶ
266 2259 359 2350 βαρὺν
384 2258 577 2344 ἀπεκτονὼς,
598 2251 744 2379 ἐξέφηνεν·
770 2258 838 2324 ἀλλ’
861 2256 1066 2348 ἐπιθαυμάσας
1086 2258 1122 2322 τὸ
1144 2257 1246 2344 παρά-

189 2369 280 2457 λογον
298 2373 353 2442 τῆς
374 2365 585 2450 τελευτῆς,τθ
586 2391 601 2430 ν
621 2364 673 2456 μἐν
690 2354 853 2430 δακτῦλιον
872 2362 1033 2489 άρειλετο,
1043 2362 1080 2428 τθ
1104 2353 1138 2427 δέ
1157 2371 1246 2453 σῶμα

192 2472 347 2597 κοσμόρας
371 2471 518 2561 πρέποντι
548 2469 673 2561 κόσμῳ,
693 2469 745 2536 καὶ
771 2468 980 2561 περιςειλας’
968 2465 1096 2582 εντόμως
1123 2468 1245 2556 ἔκαυσε,

192 2574 243 2642 καὶ
269 2573 311 2641 τὰ
338 2572 468 2665 λείψανα
499 2575 662 2654 συνθεὶς’
638 2600 677 2652 εις
711 2575 875 2642 καλπιιν’
858 2578 1011 2706 αργυρᾶν,
1036 2572 1087 2639 καὶ
1117 2583 1245 2665 χρυσοῦν

192 2683 335 2772 ἐμβαλὼν
353 2685 500 2764 ςέφανον,
524 2682 710 2759 άπόςειλεπ
686 2683 760 2774 πρὸς
780 2681 833 2747 τὸν
851 2681 924 2747 υἱόν.
943 2683 1011 2746 Τῶν
1033 2670 1067 2744 δέ
1089 2670 1245 2770 Νομάδων

192 2786 271 2864 τινές
296 2789 511 2880 περιτυχόντες
537 2795 601 2865 τοῖς
623 2781 859 2878 κομέζουσιν,ι’ό
835 2811 978 2893 ωρμησαν
999 2784 1186 2877 ἀφαιρεῖσθαι
1209 2787 1245 2852 τὸ

192 2903 310 2985 τεῦχος.
329 2884 727 2986 Ἂντιλαμβοινομένωνδ”
714 2892 832 2960 εκείνων
839 2813 1071 2984 ,ἐκβιαζόμενοι
1089 2891 1140 2956 καὶ
1152 2892 1248 3033 μαχό-

192 3025 276 3092 μενοι
298 2991 506 3093 διέρριψαν
472 3027 514 3067 τοι
527 3005 615 3067 ὀστᾶ.

245 3105 417 3197 Πυθόμενος
446 3097 480 3172 δέ
506 3105 663 3194 Ἀννίβας,
688 3107 739 3174 καὶ
764 3109 839 3198 πρθς
864 3107 936 3184 τοὺς
963 3105 1115 3198 παρόντας
1133 3101 1248 3188 εἰπὼν,

193 3200 337 3275 Οῦδέν”
315 3237 375 3291 οιρα
396 3202 527 3279 δυνατὸν
544 3210 719 3307 γενέσθαι
698 3238 824 3292 ακοντος
848 3211 930 3298 θεοῦ,
952 3219 1016 3290 τοῖς
1035 3211 1087 3302 μέν
1108 3208 1246 3300 Νομάσιν

193 3314 318 3388 ἐπέθηκε
337 3306 444 3403 δίκην,
465 3320 520 3384 οὐκ
540 3319 586 3384 έτι
602 3311 636 3385 δέ
655 3311 821 3412 κομιδῆς
807 3347 825 3393 η
847 3325 995 3413 συλλογῆς
1014 3328 1074 3383 τῶν
1097 3311 1247 3444 λειθράνων

193 3421 383 3510 ἐφρόντισεν,
401 3428 440 3500 ὡς
459 3413 498 3496 δὴ
521 3423 603 3490 κατὰ
622 3423 686 3491 θεόν
712 3451 781 3493 τινα
798 3425 849 3493 καὶ
874 3436 929 3503 τῆς
946 3431 1090 3500 τελευτῆς
1116 3421 1168 3488 καὶ
1192 3431 1247 3498 τῆς

193 3527 325 3618 άταρίας
349 3529 531 3624 παραλόγως
562 3533 642 3596 οὕτω
671 3539 716 3618 τῷ
742 3533 914 3626 Μαρκέλλῳ
942 3531 1112 3625 γενομένης.
1140 3531 1248 3594 Ταῦτα

193 3634 247 3725 μέν
274 3629 324 3702 οὖν
346 3633 374 3702 οἱ
395 3633 463 3726 περὶ
484 3637 652 3722 Κορνήλιον
670 3639 806 3706 Νέπωτα
824 3637 875 3704 καὶ
895 3631 1084 3726 οῦαλέριον’
1106 3627 1247 3724 Μάξιμον

194 3741 362 3834 ἰςορόκασι.
388 3740 496 3826 Λίβιος
520 3733 555 3808 δέ
576 3743 628 3810 καὶ
648 3745 766 3836 Καῖσαρ
793 3751 808 3812 ό
835 3745 966 3828 σεβαςὸς
991 3738 1169 3832 κομισθῆναι
1191 3740 1247 3812 τήν

193 3838 297 3939 ὑδρίαν
313 3849 387 3940 πρὸς
402 3848 455 3914 τθν
469 3847 531 3916 υἱὸν
550 3847 703 3942 εἰρήκασι,
719 3852 770 3918 καὶ
783 3861 916 3942 ταφῆναι
927 3855 1087 3940 λαμπρῶς.

234 4047 256 4080 a.
269 4031 398 4099 οῦαλέριον
409 4027 583 4099 Malliacum
594 4047 624 4083 εε
634 4030 702 4084 sorte
746 4031 894 4094 Maximus,
913 4029 958 4081 lib.
976 4029 1019 4090 V,
1034 4043 1091 4096 cap.
1110 4042 1137 4090 r,
1155 4035 1207 4076 ext.
1219 4029 1245 4090 6,

196 4109 309 4176 respexit
323 4109 565 4182 Plutarchur,quu
581 4109 704 4163 Valerius
747 4109 781 4163 de
797 4111 889 4164 iuuere
903 4108 986 4164 Marci
999 4104 1120 4160 Marcelli
1130 4105 1228 4158 retulit.
