3282 5156
398 493 473 580 324
567 493 793 562 JOANNIS
819 490 974 559 HENR.
1001 432 1286 558 scHLEGEu

395 625 424 678 in
435 640 542 696 genere,
554 623 651 693 ubsque
661 622 714 674 ulla
724 619 939 674 denominatione
945 619 1038 691 populi
1046 617 1103 683 ,oui
1115 617 1309 689 impersverint.
1320 617 1461 690 Taleqnid

397 702 523 758 Cornelio
532 701 560 754 in
567 713 680 754 mentem
687 701 789 753 venisse
799 718 853 752 uon
863 697 952 752 oredo.
966 699 1079 752 Excusat
1090 715 1118 752 se
1130 697 1220 769 potius
1232 697 1284 750 boo
1294 697 1354 751 loto
1362 735 1370 764 ,
1379 698 1458 770 qnod

396 784 424 835 in
438 779 600 854 exponendis
617 781 771 832 Graecorum
791 777 993 850 imperatoribus
1004 795 1078 849 reges
1093 775 1181 830 studio
1194 777 1402 847 pretermiserit,
1426 792 1460 831 et

395 862 459 915 tales
471 858 579 932 quidem
592 878 677 930 reges,
694 860 806 931 quinon
815 858 933 914 nomine,
953 869 982 910 ut
997 855 1187 910 hoedomonii
1196 895 1205 924 ,
1215 853 1261 909 sed
1272 875 1362 910 revera
1380 857 1457 928 regin

395 938 522 1012 dignitate
541 939 701 1003 utebantur,
726 950 753 990 et
774 938 870 1010 quibus
895 937 969 989 locus
992 937 1062 990 inter
1083 936 1254 1006 imperatores
1269 935 1457 990 celeberrimos

394 1019 519 1091 assignsri
535 1016 675 1071 debuisset.
702 1017 856 1088 Philippum
877 1015 1000 1086 intelligit
1011 1028 1038 1068 et
1050 1013 1242 1078 Alexandrum,
1262 1027 1289 1068 et
1305 1015 1457 1086 complures

394 1100 464 1153 inter
476 1096 618 1152 Alexandri
632 1115 805 1162 successores,
827 1093 1002 1149 Cssssndrnm
1017 1113 1129 1165 nempe,
1144 1095 1306 1165 Antigonum
1320 1107 1348 1148 et
1359 1095 1457 1148 Deme·

393 1179 475 1232 trium
492 1177 671 1240 Poliorceten‚
684 1175 885 1246 Lysimachum,
899 1174 1052 1237 Seleucum,
1063 1174 1248 1237 Ptolemseum,
1261 1173 1402 1244 Pyrrhum.
1415 1175 1455 1227 Hi

394 1255 595 1323 enim,militari
603 1255 733 1326 gloria,et
743 1265 970 1326 rerumgestarum
979 1251 1264 1324 mugnitudine,cuisis
1272 1254 1453 1324 untiquionxm

392 1338 582 1408 imperatorum
593 1334 689 1388 merito
695 1335 898 1406 equipsrsnmr.
913 1333 984 1386 Dicit
990 1349 1072 1404 porro
1080 1333 1219 1386 Cornelius
1229 1349 1236 1385 :
1249 1332 1332 1404 Neque
1339 1345 1416 1384 tmen
1426 1333 1454 1385 Aa*

389 1417 518 1468 mauu
529 1413 795 1485 sensualitatemque
803 1413 872 1466 inter
883 1424 1020 1482 sequentes
1026 1410 1202 1468 Macedonio,
1217 1411 1300 1482 Syriis
1311 1413 1451 1484 etAEgypti

388 1513 466 1566 reges
470 1495 594 1546 admodum
600 1493 677 1564 psnci
684 1494 763 1546 rebus
774 1511 788 1545 a
800 1511 828 1545 se
840 1491 902 1564 ipsis
909 1492 936 1544 in
945 1491 1016 1544 bello
1026 1492 1103 1562 gestis
1116 1491 1382 1544 inclaruerunt'l'sles
1389 1503 1453 1544 sunt

391 1575 530 1646 Philippus
541 1586 566 1626 et
581 1572 741 1637 Antiochus,
758 1571 805 1642 qui
817 1573 894 1624 ambo
907 1571 983 1624 bellis
995 1583 1086 1624 contra
1098 1570 1198 1623 vicinos
1209 1571 1321 1642 populos
1329 1589 1450 1642 mapsam

391 1655 548 1706 sibilamam
556 1650 878 1723 paraverunt,sedcontrr
887 1652 1035 1714 llorusnos,
1045 1650 1144 1720 ingenti
1153 1650 1215 1702 licet
1227 1663 1368 1721 oppamtu,
1381 1652 1450 1703 male

391 1751 433 1786 res
446 1743 594 1804 gesserunt,
611 1743 637 1783 st
654 1731 811 1782 Ptolemsrus
832 1731 985 1800 Evergetes,
1005 1729 1051 1800 qui
1066 1729 1238 1800 Cyrenaicam
1254 1727 1366 1795 devicit,
1391 1731 1450 1802 ipse

391 1811 445 1866 dux
464 1811 610 1882 cupierurn.
631 1809 692 1861 Non
713 1809 749 1862 nit
761 1809 917 1872 Cornelius,
936 1827 964 1862 se
988 1810 1074 1880 ipsum
1092 1809 1188 1864 horum
1204 1827 1296 1879 regum
1311 1809 1448 1868 omniurn.

391 1892 437 1963 qui
451 1889 652 1960 imperatoribus
666 1890 835 1941 annumersri
855 1900 980 1961 possunt,
1000 1907 1042 1941 res
1062 1899 1145 1958 gestas
1161 1906 1215 1940 uno
1228 1889 1363 1940 volumine
1375 1907 1449 1942 oons-

390 1968 575 2040 prehendisse,
594 1967 641 2020 sed
657 1966 731 2038 qnod
743 1968 864 2020 omnium
883 1985 925 2020 res
939 1979 1016 2038 gestes
1030 1971 1157 2038 separatim
1172 1977 1235 2020 suut
1251 1967 1354 2032 relatu,
1368 1967 1450 2021 idest

390 2047 528 2102 adiversis
541 2047 706 2112 auctoribus,
733 2058 795 2100 tunc
815 2048 941 2118 temporis
962 2048 1042 2118 vulgo
1063 2046 1175 2117 cognitis
1191 2058 1219 2100 et
1235 2046 1361 2116 probatis.
1385 2047 1448 2100 Non

390 2128 460 2181 euim
470 2139 509 2180 est
518 2125 708 2191 dubitandum,
718 2127 832 2180 extitisse
841 2139 901 2180 snte
912 2127 1066 2180 Cornelium
1076 2127 1224 2197 complanes
1237 2125 1320 2178 libros
1328 2127 1449 2192 Latinsrs,

390 2209 436 2279 qui
446 2225 530 2279 quum
539 2206 655 2278 Philippi
668 2217 694 2258 et
704 2206 859 2270 Alexandri,
872 2220 932 2258 tuns
944 2206 1023 2258 etiarn
1036 2207 1212 2276 posteriorum
1225 2223 1317 2275 regum
1326 2205 1449 2259 historias

390 2288 573 2351 continebunt,
593 2303 654 2339 cum
674 2286 770 2356 quibus
788 2287 902 2338 Romani
922 2286 963 2339 vel
988 2285 1130 2338 amicitiam
1145 2286 1296 2349 coluerunt,
1318 2286 1360 2338 vel
1378 2285 1448 2338 bells

388 2377 531 2437 gesserunt.
555 2366 594 2419 Es
607 2365 678 2418 euim
691 2365 761 2418 scire.
774 2367 955 2418 Romanorum
962 2365 1048 2418 multo
1060 2365 1142 2437 magis
1150 2365 1287 2428 intererat,
1298 2382 1376 2436 qnam
1387 2383 1449 2436 qun

390 2444 424 2499 sd
437 2445 506 2499 bella
520 2445 623 2499 Persius
636 2457 662 2496 et
675 2444 925 2514 Peloponnesiacum
938 2445 1114 2516 pertinebunt.

428 2525 523 2577 Libros
538 2524 616 2588 alios,
642 2524 689 2594 qni
710 2522 834 2577 Cornelio
851 2535 949 2576 temere
970 2542 985 2576 a
1000 2521 1158 2595 quibusdem
1174 2521 1299 2594 adscripti
1317 2534 1394 2586 suut,
1415 2535 1447 2578 ut

389 2604 492 2657 Daretis
508 2603 617 2675 Phrygii
630 2601 777 2656 versionem
791 2603 927 2667 Latinam,
947 2603 1041 2656 lubens
1056 2615 1191 2674 pretereo.
1205 2603 1265 2654 Nou
1285 2601 1356 2655 euim
1369 2602 1450 2655 iuteo

389 2696 428 2737 est
440 2683 591 2754 reipublice
607 2682 757 2746 littersrin,
773 2700 895 2736 revocare
906 2683 1060 2734 memoriam
1072 2701 1206 2746 errorum,
1221 2699 1287 2755 quos
1306 2681 1386 2736 semel
1398 2682 1449 2734 ite·

389 2780 502 2834 rumque
514 2760 605 2815 solidis
619 2763 778 2832 argumentis
786 2761 928 2834 propulere
947 2761 999 2815 viri
1012 2760 1093 2815 docti.

332 3007 336 3014 Ι
391 2907 434 2974 11.
449 2909 504 2975 De
522 2905 668 2976 Cornelii
682 2903 852 2974 scribendi
864 2909 1016 2974 irutti‘uto
1032 2911 1068 2975 in
1084 2905 1178 2976 libres
1190 2911 1252 3000 qui
1260 2925 1449 3002 supersunt.

430 3081 466 3134 Et
480 3081 632 3134 Graecarum
647 3081 793 3133 litterarum
808 3093 835 3134 et
847 3081 938 3152 patrias
957 3101 1046 3136 umore
1061 3080 1155 3136 ductus
1168 3081 1273 3153 scripsit
1286 3081 1375 3153 Nepos
1383 3082 1451 3136 ritas

392 3160 575 3214 excellentium
584 3161 781 3230 imperatorum.
796 3160 908 3212 Romani
922 3159 1002 3214 rudes
1012 3161 1121 3214 omnino
1133 3173 1207 3214 ersnt
1217 3161 1364 3214 litterarum
1373 3160 1449 3214 Gras-

390 3257 480 3292 carum
503 3252 563 3291 ante
583 3239 652 3291 bella
670 3239 785 3304 Punica,
801 3239 901 3311 quippe
920 3241 966 3312 qui
983 3241 1052 3294 inter
1074 3259 1208 3294 armorum
1229 3240 1354 3312 strepitus
1373 3259 1448 3294 suam

391 3317 509 3389 ipsorum
529 3317 646 3387 linguam
666 3336 721 3371 non
742 3318 877 3384 colebant,
899 3320 945 3391 qui
958 3333 1026 3374 srtes
1039 3339 1142 3385 omnes,
1158 3331 1253 3393 prater
1266 3339 1325 3382 ess,
1339 3337 1397 3392 qun
1413 3319 1447 3372 ad

390 3397 472 3452 vitam
482 3395 606 3449 tuendam
619 3397 730 3448 maxime
742 3397 891 3450 necessariis
899 3411 976 3464 sunt,
988 3399 1205 3465 contemnebrnt,
1218 3417 1322 3453 omnem
1338 3399 1448 3470 gloriam

391 3478 420 3529 io
432 3494 461 3528 re
474 3475 578 3547 publico
590 3473 846 3543 sdmiuisuunda,et
861 3477 890 3530 in
906 3495 936 3530 re
949 3479 1046 3532 rustica
1059 3491 1086 3531 et
1100 3479 1222 3541 militari,
1238 3477 1383 3532 exercenda
1397 3497 1448 3548 po·

390 3568 491 3612 nentes.
509 3555 626 3608 Sufficiat
639 3552 693 3606 duo
705 3555 823 3626 exempla
835 3556 909 3610 istius
919 3556 1041 3612 ruditatis
1055 3559 1082 3612 in
1090 3557 1206 3611 medium
1213 3559 1339 3630 prolerre.
1356 3559 1445 3623 Quum

391 3637 521 3699 llomsni,
533 3633 702 3688 decemvirali
712 3647 840 3707 potestate
848 3637 980 3702 instituta,
994 3637 1165 3702 Grasoornm,
1179 3638 1292 3691 maxime
1300 3636 1444 3690 Athenien·

390 3717 473 3780 sium,
489 3715 558 3785 leges
573 3714 693 3767 suumin
714 3733 791 3768 usum
812 3729 965 3769 oonvertere
983 3717 1098 3780 vellent,
1120 3735 1188 3789 opus
1209 3717 1340 3770 hebebant
1364 3717 1446 3769 iuter·

390 3807 464 3867 prete
476 3793 658 3859 Hermodoro,
669 3794 763 3848 Grnco
771 3795 855 3849 exule.
872 3797 1052 3848 Rornanorum
1063 3797 1162 3867 legatus
1168 3795 1351 3861 Postbumius,
1363 3813 1446 3867 quum

389 3875 470 3927 verba
488 3873 583 3927 laceret
602 3871 635 3926 ad
651 3873 808 3928 Tarentinos
822 3875 913 3946 lingue
929 3874 1036 3941 Grascr,
1065 3875 1097 3929 iis
1114 3889 1170 3929 erat
1186 3874 1295 3930 derisui.
1322 3873 1372 3928 Sed
1389 3877 1442 3943 jam

392 3967 523 4024 cuperant
536 3972 591 4006 esse
601 3954 779 4025 frequentiore
792 3954 981 4008 commerciaet
991 3953 1089 4008 ludera
1101 3957 1171 4009 iuter
1181 3967 1319 4026 utramque
1330 3966 1445 4026 gentem,

390 4033 469 4102 paulo
482 4046 542 4085 ante
561 4033 660 4086 bellum
678 4033 808 4086 Punicum
822 4034 946 4104 primum.
968 4032 1089 4087 Secundo
1101 4053 1226 4106 prospere
1240 4033 1330 4099 liuito,
1343 4051 1446 4106 sperem

390 4111 544 4182 inceperunt
557 4112 690 4178 Romani,
708 4131 735 4166 se
749 4111 892 4185 sliqusndo
907 4111 1028 4180 Gracos,
1051 4125 1180 4186 protense
1197 4113 1284 4186 specie
1304 4113 1445 4175 libertatis,
