3246 5134
399 487 469 575 146
657 489 926 558 CORNELII
952 489 1185 558 NEPOTIS

393 645 431 703 ut
448 630 571 724 recepit
593 655 613 696 a
635 653 711 722 rege
733 629 883 712 missam,
902 628 1013 721 copias
1027 641 1140 722 parat,
1156 642 1192 696 et
1210 627 1328 698 absens
1341 632 1453 700 amici·

392 741 470 807 tiam
489 761 564 805 cum
589 736 731 802 Datame
752 733 844 814 facit,
867 734 952 826 regis
974 735 1160 826 provincias
1183 749 1297 821 vexat,
1319 734 1453 804 castella

392 856 576 936 expugnat,
601 863 737 934 magnas
767 837 895 933 praedas
924 840 1012 933 capit
1041 863 1211 931 :quarum
1232 856 1373 934 partem*
1386 843 1455 910 suis

392 949 558 1042 dispertit,
570 961 696 1040 partem
716 945 758 1013 ad
769 947 946 1013 Datamem
959 946 1073 1029 mittit;
1088 948 1160 1039 pari
1171 944 1271 1014 modo
1280 945 1454 1042 complura

393 1053 524 1126 castella
541 1055 570 1120 ei
590 1052 697 1120 tradit.
718 1055 797 1120 Haec
816 1050 872 1118 diu
895 1050 1045 1118 iaciendo
1066 1053 1228 1147 persuasit
1243 1039 1399 1139 homini³,
1419 1077 1456 1122 sc

389 1161 553 1230 infinitum
567 1158 725 1226 adversus
739 1181 850 1250 regem
866 1158 1046 1250 suscepisse
1063 1155 1185 1225 bellum
1203 1183 1211 1226 :
1227 1183 1328 1252 quum
1348 1157 1453 1227 nihilo

390 1269 511 1362 magis,
538 1288 703 1358 nequam
735 1264 954 1356 suspicionem
980 1260 1025 1330 illi
1051 1264 1213 1357 praeberet
1240 1263 1453 1348 insidiarum,

285 1419 291 1430 ·
391 1397 497 1466 neque
516 1369 716 1463 colloquium
732 1370 802 1460 ejus
820 1370 954 1462 petivit,
976 1393 1082 1462 neque
1104 1371 1137 1437 in
1158 1385 1370 1465 conspectum
1391 1395 1452 1438 ve·

392 1482 463 1548 nire
485 1477 618 1546 studuit.
640 1477 694 1542 Sic
718 1475 834 1542 absens
855 1475 1029 1542 amicitiam
1053 1475 1188 1569 gerebat
1196 1462 1219 1561 ⁴,
1242 1491 1279 1543 ut
1302 1501 1370 1544 non
1388 1477 1452 1545 bc·

393 1585 517 1655 neliciis
546 1582 684 1668 mutuis,
709 1579 765 1648 sed
792 1579 870 1648 odio
901 1582 1090 1668 communi,
1119 1580 1208 1674 quod
1236 1605 1315 1675 erga
1341 1607 1453 1676 regem

393 1701 621 1783 susceperant,
641 1687 804 1754 contineri
817 1685 1016 1754 viderentur.

446 1794 665 1886 XLquuum
676 1795 753 1860 satis
763 1815 796 1860 se
806 1791 1453 1880 confirmassearbitratusest,certiorem

395 1901 473 1970 facit
498 1901 691 1984 Datamem,
707 1913 838 1990 tempus
865 1921 935 1965 esse
960 1898 1100 1993 majores
1124 1898 1301 1968 exercitus¹
1323 1903 1452 1993 parari,

395 2005 518 2075 bellum
533 2029 608 2074 curn
620 2005 692 2097 ipso
706 2028 782 2097 rege
797 2004 937 2098 suscipi;
955 2003 1061 2096 deque
1072 2029 1110 2072 ea
1122 2029 1175 2090 rc,
1190 2007 1215 2073 si
1228 2007 1258 2073 ei
1268 2004 1454 2094 videretur,

397 2137 463 2207 quo
485 2111 560 2179 loco
580 2109 694 2194 vellet,
713 2110 747 2176 in
761 2107 961 2202 colloquium
976 2113 1111 2178 veniret.
1132 2111 1274 2180 Probata
1289 2137 1339 2197 re,
1353 2110 1454 2181 collo-

397 2217 518 2313 quendi
533 2233 662 2312 tempus
681 2215 839 2301 sumitur,
859 2213 1015 2308 locusque
1034 2239 1100 2309 quo
1121 2219 1360 2285 conveniretur.
1378 2221 1455 2286 Huc

398 2324 608 2393 Mithridates
626 2346 702 2390 cum
724 2345 809 2408 uno,
827 2323 880 2388 cui
899 2323 1073 2390 maximam
1094 2322 1238 2390 habebat
1252 2322 1366 2410 fidem,
1379 2339 1455 2394 ante

398 2429 521 2524 aliquot
532 2426 618 2496 dies²
633 2428 737 2516 venit,
749 2425 1038 2523 compluribusque
1053 2427 1131 2496 locis
1143 2431 1316 2522 separatim
1329 2427 1454 2524 gladios

399 2638 517 2710 illudque
529 2639 602 2690 omni
613 2649 775 2690 sacramento
793 2637 907 2689 sanctius
950 2655 1056 2690 monem
1068 2655 1132 2690 esse.
1147 2638 1248 2710 Nempe
1259 2639 1385 2693 hactenus
1396 2659 1457 2712 pro-

307 2717 309 2725 ’
400 2719 559 2782 ducebatur,
571 2729 649 2788 atque
661 2717 856 2769 observabatur.
865 2716 908 2768 Sic
951 2717 1048 2770 vincias
1072 2731 1225 2782 vexaverat,
1247 2719 1350 2772 castella
1373 2737 1455 2791 expu-

401 2802 500 2852 Auctor
524 2797 684 2850 scholiorum
703 2797 731 2848 in
753 2796 908 2867 Aristopha-
949 2809 1088 2866 guaverat,
1111 2795 1213 2867 prodas
1234 2811 1357 2868 ceperat:
1383 2819 1456 2852 nunc

401 2873 907 2940 nisNuh.1temdocut)iod0r.Xv1,
950 2875 1038 2946 ipsum
1060 2894 1148 2946 regem
1173 2875 1379 2947 aggrediendum
1401 2897 1456 2932 esse

405 2961 450 3020 34.
464 2958 567 3010 Conar.
582 2957 622 3008 De
635 2955 720 3006 missis
731 2952 842 3019 dextris,
852 2952 907 3006 vid.
951 2967 1048 3006 monet.
1069 2955 1172 3008 Rosius.

401 3038 558 3107 interpretes
569 3034 668 3097 Taciti,
681 3033 750 3086 Hist.
767 3037 796 3096 I,
816 3033 860 3096 54.
992 3039 1017 3096 4.
1032 3035 1171 3086 Amicitiam
1181 3035 1287 3104 gerebat.
1302 3037 1455 3090 Exmcebat.

445 3118 470 3169 3.
486 3115 594 3166 Homini.
605 3112 717 3165 Datami.
726 3113 808 3164 Homo
821 3125 908 3166 autem
951 3115 1030 3184 Aptc'
1047 3127 1133 3166 autem
1160 3115 1258 3184 genebat
1288 3115 1322 3168 de
1349 3130 1457 3168 externa

405 3193 439 3247 de
447 3192 555 3246 summis
564 3190 909 3263 viris,velutidePompeio,
951 3192 1457 3262 specie.—Contineric·iderentur.Idest,

406 3275 507 3327 Coesare
522 3283 549 3324 et
564 3271 621 3323 aliis
635 3271 803 3335 occurrit,in
817 3271 910 3342 primis
952 3271 1094 3324 arctissime
1130 3273 1261 3326 coherere
1293 3273 1457 3328 viderentur.

405 3353 452 3405 ubi
475 3349 656 3404 conditionem
676 3362 759 3402 notat.
783 3349 855 3402 Vide
882 3351 909 3403 iu
953 3351 1052 3404 Confer
1065 3350 1098 3404 ad
1106 3351 1394 3422 Lysandrum,l,not.
1409 3373 1436 3424 7.

406 3430 689 3493 Eumene,lV:·Pro
700 3428 911 3500 hominisdigui·
993 3431 1058 3484 Car.
1080 3432 1129 3484 xl.
1150 3451 1174 3484 r.
1195 3433 1294 3503 Tempus
1314 3454 1362 3485 csse
1381 3437 1457 3504 majo·

406 3523 468 3565 tate.
481 3537 491 3556 ι
508 3542 540 3550 -
553 3506 682 3578 Infinitum.
702 3508 763 3560 Sine
781 3509 842 3561 line.
860 3510 911 3561 lm-
954 3529 989 3560 res
1002 3513 1117 3561 exercitus
1122 3516 1216 3581 parari.
1228 3511 1280 3564 Pro
1291 3512 1417 3584 parandi,
1428 3526 1458 3566 ut

407 3587 733 3664 placabile—Susceptus.
748 3589 828 3658 Atqui
844 3607 910 3640 non·
953 3589 984 3642 fit
998 3590 1103 3659 passim.

407 3671 472 3726 dnm
502 3669 601 3722 bellum
631 3679 797 3738 susceperat,
825 3667 912 3737 inquit
996 3689 1021 3720 s.
1044 3670 1109 3720 Ante
1129 3671 1221 3741 aliquot
1240 3672 1296 3724 dt'es.
1319 3669 1380 3721 Non
1394 3669 1459 3721 sada

407 3749 564 3814 Lambinus,
575 3747 649 3818 quia,
660 3765 716 3818 cap.
728 3748 780 3812 XI,
794 3773 805 3794 ι
816 3748 911 3800 certio·
955 3759 1073 3800 accurate
1084 3749 1212 3820 Nepotem
1222 3751 1264 3802 hic
1273 3750 1390 3800 locutum
1403 3767 1459 3802 esse

408 3851 465 3884 rem
491 3828 552 3881 lacit
573 3829 725 3891 Datamem,
740 3840 842 3897 tempus
857 3845 912 3879 esse
955 3840 1044 3879 monet
1070 3828 1205 3894 Bruuius,
1228 3847 1309 3900 quum
1328 3847 1411 3881 nexus
1432 3841 1460 3882 et

407 3910 505 3964 bellum
528 3927 588 3961 eum
612 3907 670 3978 ipso
694 3925 754 3977 rege
778 3906 882 3976 suscipi.
897 3931 908 3952 ι
955 3905 1030 3958 latini
1058 3908 1188 3960 sermonis
1215 3907 1317 3961 indoles
1342 3908 1460 3978 requirat

407 3989 497 4053 Quare
530 3987 638 4058 corrigit
667 3989 792 4058 suscepisse
824 3985 911 4037 odiann.
956 3987 1049 4058 aliquot
1061 3987 1143 4040 dicbus
1164 3999 1231 4048 onte,
1250 3989 1313 4060 quia
1333 3986 1399 4040 illud
1418 4005 1460 4040 re·

408 4069 510 4122 Verum
521 4087 571 4120 vox
582 4071 634 4136 ipso
641 4065 702 4120 satis
710 4064 867 4130 indicat,ibi
880 4063 914 4117 de
956 4065 1049 4136 spiciat
1063 4067 1226 4137 loquentem,
1235 4067 1286 4120 hoc
1298 4085 1355 4120 rem
1371 4085 1460 4120 narra-

408 4165 475 4202 ttova
492 4147 593 4200 ratione
608 4147 672 4198 belli
683 4143 843 4217 suscipiendi
858 4163 913 4199 ser·
957 4157 1018 4198 um.
1037 4144 1174 4200 Notaudus
1197 4157 1270 4200 certe
1291 4145 1398 4202 videtur
1418 4145 1462 4198 hic
