3282 5156
366 683 437 751 AD
463 681 796 752 CORNELIUM
822 681 1090 754 NEPOTEM.
1184 683 1256 783 367

192 813 254 869 rite
270 809 415 873 mandri
433 829 582 878 eampum
594 821 687 866 nocuo
698 829 762 870 ease·
776 807 829 866 Sed
842 827 898 872 noa
910 813 1033 872 molares
1044 815 1073 872 h.
1087 815 1106 870 1.
1122 813 1212 889 Nepos
1224 814 1259 872 de

192 890 283 962 priore
302 891 477 963 proiectura,
492 889 515 945 ci
533 891 648 963 aliquam
666 891 801 963 prioribus
819 889 962 952 Alexandri
976 894 1054 954 annia
1074 897 1193 966 gennae
1203 897 1258 952 Ea·

192 989 291 1024 menes.
310 972 345 1023 Et
358 971 406 1042 qui
425 969 533 1027 dixisset
546 971 628 1025 cliuo
643 966 690 1032 (h.
705 990 729 1026 e.
746 985 776 1028 ut
789 969 834 1026 ille
849 971 957 1043 accipit,
971 970 1100 1040 diversas,
1112 973 1178 1040 alii)
1196 995 1259 1032 enm

191 1050 240 1102 alas
253 1050 403 1122 proluisse,
414 1069 498 1123 quum
515 1051 613 1122 prioris
631 1051 732 1104 nnllam
751 1052 914 1104 mentionem
937 1051 1051 1106 lecerit?
1074 1054 1162 1108 Altera
1178 1056 1258 1126 igitur

190 1129 235 1182 ala
247 1141 288 1183 est
301 1129 442 1197 alterutra,
457 1149 473 1184 s
486 1128 590 1186 duabus
608 1149 669 1184 uua.
690 1130 734 1185 Sic
750 1129 823 1186 enim
837 1131 985 1203 loquuntur
998 1132 1094 1205 optimi
1106 1135 1256 1205 scriptores.

189 1207 350 1275 Suetonius,
363 1209 459 1275 Galba,
470 1229 494 1264 o.
510 1229 545 1264 ro
556 1228 563 1263 ι
573 1211 679 1264 Aluus
689 1211 766 1264 alters
779 1231 844 1283 agre
856 1211 1083 1284 nmhoffirio.
1095 1213 1202 1280 Cicero,
1217 1216 1259 1282 11,

191 1287 271 1343 ome.
292 1290 327 1344 td
338 1307 347 1343 t
360 1291 473 1360 Quanta
485 1291 672 1362 Pompeiasoloe
686 1292 922 1364 odsriproefscisul.
938 1291 1103 1358 Hirtius‚de
1115 1294 1257 1350 BelloAlr.

191 1367 279 1422 cesar
289 1369 391 1422 αἱεω
400 1371 466 1423 ulan
476 1373 557 1424 uitat.
569 1369 717 1425 SioNostcr
730 1372 830 1425 clim
841 1389 917 1428 cornu
927 1369 1010 1438 dixit,
1021 1373 1104 1438 xvl,
1115 1379 1144 1439 4,
1157 1374 1184 1427 3.
1198 1373 1258 1430 Bos.

230 1543 379 1612 Eumae,
389 1545 470 1617 ll‚p.
483 1545 549 1616 187.
558 1544 640 1598 la'leri
647 1547 707 1616 ejas.
720 1545 856 1612 Dicdum,
868 1563 930 1612 xtr,
940 1545 991 1612 ait,
1001 1545 1180 1600 Alexandrum
1190 1565 1261 1602 mor·
1364 1573 1366 1576 ·

189 1638 268 1677 mum
282 1643 338 1678 esse
353 1626 410 1678 sine
427 1625 526 1679 liberis.
542 1623 618 1680 Idem
638 1626 718 1698 paulo
732 1637 793 1698 post
811 1623 903 1694 addit,
913 1624 1063 1690 Arideum,
1081 1627 1199 1702 Philippi
1214 1627 1260 1692 F„

187 1703 334 1758 Alexandri
352 1705 422 1776 regis
439 1705 549 1758 fratrem
562 1722 594 1757 ex
611 1703 662 1758 alia
679 1715 781 1774 matre,
794 1707 827 1758 als
847 1706 971 1760 omnibus
989 1706 1155 1782 principibus
1169 1727 1260 1782 regem

186 1785 289 1840 lactum
304 1802 334 1839 ac
347 1779 507 1857 probatnmss
523 1783 675 1838 Perdiccam
691 1797 779 1838 antem
790 1787 865 1857 regni
878 1783 1118 1846 adminisnatcrem
1132 1799 1259 1841 creatum.

184 1862 243 1918 Sed
249 1865 397 1918 Plutarchus
406 1863 501 1932 tradit,
508 1865 636 1918 Roxanen
646 1883 677 1918 ex
687 1862 839 1918 Alexandro
850 1878 1029 1937 pregnantem
1042 1866 1122 1920 mnas
1130 1867 1258 1922 relictam.

181 1947 278 2017 Atque
294 1945 368 1998 hunc
380 1946 512 2000 incertum
526 1943 613 1998 lilium
628 1963 717 2016 regem
732 1963 788 1998 esse
798 1984 806 2013 ,
818 1956 846 1998 et
863 1963 891 1998 se
908 1947 1009 2000 interea
1020 1947 1097 2018 regni
1110 1959 1261 2002 curatorem

183 2023 320 2080 declarari
332 2023 469 2079 Perdiccae
482 2024 587 2079 volebat
596 2037 643 2092 ,nt
654 2026 689 2078 ait
697 2022 791 2078 eodem
804 2025 865 2078 loco
876 2025 1031 2078 Plutarchus.
1044 2023 1134 2092 Idem,
1145 2028 1201 2098 napi
1214 2031 1259 2089 τῆς

186 2106 331 2159 Alexandri
346 2107 422 2174 τύχης
433 2105 449 2163 ἢ
460 2105 499 2177 dp.
510 2107 576 2178 lips
591 2107 624 2171 β,
634 2105 739 2170 scribit,
749 2103 930 2180 Alexandrum
942 2103 1009 2159 duas
1019 2123 1114 2160 uxores
1123 2105 1260 2174 habuisse,

188 2185 300 2239 alteram
316 2187 459 2246 Roxanen,
476 2185 585 2238 alteram
599 2183 738 2251 Statiram,
754 2185 828 2238 Darii
841 2183 940 2252 liliam,
954 2199 1045 2240 utrum
1062 2197 1149 2240 antem
1161 2187 1261 2240 liberos

187 2265 447 2338 pepererit,necne,
459 2281 515 2316 non
530 2261 613 2316 addit.
628 2265 659 2316 ln
671 2263 815 2317 Alexandro
829 2282 894 2318 reto
905 2278 1009 2330 narrat,
1022 2263 1159 2330 Statium,
1176 2259 1260 2337 quum

187 2362 330 2418 pregnans
339 2343 448 2409 esset,'a
461 2343 570 2396 Roxane
585 2342 696 2414 epistola
709 2341 823 2414 quadam
837 2341 963 2396 insidiosa
976 2343 1096 2398 etlallaci
1109 2345 1261 2416 pollentam,

188 2443 247 2478 ease
258 2422 424 2477 interiectam
436 2432 463 2475 et
475 2421 624 2494 inpulsum
635 2421 772 2492 deiectam.
784 2422 837 2474 Alii
846 2423 978 2488 scribom,
988 2423 1114 2476 Barsinen
1122 2424 1262 2490 Artabazi,

188 2505 247 2556 imo
262 2503 339 2556 Darii
356 2497 367 2566 (
375 2513 406 2556 ut
420 2501 479 2555 vult
493 2492 634 2570 Arrianus)
645 2501 744 2567 liliam,
760 2501 911 2556 Memnonis
925 2520 1052 2568 uxorem,
1063 2503 1123 2556 viro
1138 2515 1260 2568 mortno,

189 2584 226 2636 als
236 2580 388 2636 Alexandro
400 2599 591 2654 compressam,
605 2581 691 2634 fllium
700 2581 848 2654 peperisse,
856 2581 999 2635 Herculem
1009 2581 1131 2650 nomine,
1140 2582 1186 2654 qni
1193 2601 1264 2636 mor·

189 2675 240 2716 tuo
255 2659 405 2716 Alexandro
417 2679 518 2715 annnm
530 2661 613 2715 etatis
628 2659 760 2715 decimum
773 2661 898 2734 quintum
913 2675 1001 2734 ageret
1013 2681 1023 2714 :
1036 2681 1116 2734 quesn
1131 2663 1206 2734 regui
1218 2663 1263 2716 lae·

187 2739 283 2796 redem
297 2761 353 2798 esse
362 2753 487 2813 oportere
499 2743 601 2814 potins,
614 2759 695 2814 qnam
710 2743 825 2796 Roxane
835 2753 943 2814 panum
958 2743 1090 2795 incertum
1102 2739 1135 2794 ad
1150 2759 1261 2814 regnum

188 2823 349 2896 asportari,
357 2821 509 2876 Nemchnm
517 2819 690 2876 contendisse.
697 2819 772 2893 Quid
779 2822 859 2894 igitur
868 2819 1027 2875 dicendum?
1038 2821 1159 2875 lioxanes
1171 2821 1242 2876 lilius
1251 2857 1261 2886 ‚

188 2921 275 2974 quum
284 2900 433 2956 Alexander
441 2901 551 2956 amit
559 2919 575 2954 e
582 2903 649 2966 rita,
658 2899 779 2955 nondum
790 2913 868 2955 natus
876 2914 946 2968 erat3
953 2913 980 2956 et
988 2919 1043 2954 non
1052 2901 1088 2954 ita
1098 2901 1178 2974 longo
1186 2914 1260 2974 post,

188 3001 272 3056 quana
286 2995 364 3036 natus
376 2995 431 3049 est,
441 2991 563 3054 tempore
578 2999 594 3035 a
607 2979 756 3036 Cassandro
768 2999 821 3034 una
834 2999 896 3034 oum
911 2994 995 3034 matre
1006 2981 1161 3036 interiectus
1171 2993 1225 3047 est;
1235 2995 1261 3036 ct

187 3062 325 3134 aliquanto
337 3075 398 3116 ante
407 3061 534 3116 lleroules
546 3063 667 3116 Barsines
676 3061 747 3115 filius
756 3063 790 3115 ab
802 3059 896 3114 eodem
910 3063 1082 3133 interemptus
1092 3075 1157 3116 erat.
1167 3059 1261 3114 Statira

188 3161 223 3196 ex
236 3141 389 3198 Alexandn
401 3161 540 3216 nunquam
550 3159 688 3214 pregnans
704 3142 762 3196 tuit.
774 3142 863 3208 Quare
876 3141 1010 3194 Diodonon
1026 3141 1095 3196 tueri
1106 3159 1261 3214 munaus,

187 3223 237 3294 qui
254 3221 318 3278 dicit
337 3221 518 3278 Alexandrum
533 3223 589 3276 sine
607 3221 698 3276 liberis
717 3220 865 3276 decessisse.
887 3222 989 3276 Contra
1003 3219 1115 3284 Proles,
1138 3233 1165 3274 et
1180 3221 1201 3274 si
1216 3222 1262 3293 qui

188 3303 234 3354 alii
256 3301 440 3369 tradiderunt,
458 3300 611 3358 Alexandro
625 3302 705 3356 luisse
725 3301 792 3356 lilios
807 3302 979 3374 superstites,
992 3319 1054 3356 rere
1068 3299 1163 3356 dixisse
1176 3298 1261 3354 videri

188 3393 310 3451 possunt.
325 3382 394 3436 Nam
410 3394 437 3434 et
452 3383 560 3436 Roxane
573 3384 643 3454 justa
657 3401 726 3436 uxor
740 3381 858 3454 peperit,
879 3394 906 3434 et
920 3382 1046 3446 Barsine,
1061 3399 1117 3434 non
1137 3381 1261 3452 ignobilis

188 3459 301 3527 mulier,
314 3462 435 3533 qnam
444 3462 514 3532 justa
525 3477 594 3514 uxor
605 3481 660 3515 non
673 3474 753 3529 esset,
765 3461 850 3516 multo
860 3473 937 3528 ante,
952 3479 1033 3534 quam
1045 3459 1192 3515 Alexander
1203 3479 1261 3514 mo·

188 3551 308 3605 uretur,
318 3539 460 3593 Herculem
475 3539 551 3594 illum
564 3538 691 3595 ediderat.
699 3540 780 3612 Quod
789 3543 810 3596 si
819 3543 877 3613 quis
886 3539 1040 3607 dicat,eum
1051 3543 1138 3595 solnm
1149 3541 1261 3595 Alexan·

190 3617 234 3672 dri
248 3617 333 3672 filium
348 3619 428 3674 fnisse
441 3617 601 3686 dicendum,
620 3621 666 3693 qui
679 3621 772 3674 mortis
789 3634 910 3695 tempore
922 3634 1000 3676 natus
1013 3633 1096 3688 esset;
1116 3640 1152 3675 ne
1164 3621 1193 3673 in
1209 3621 1262 3672 hoo

190 3696 302 3772 quidem
315 3699 411 3752 Probus
423 3697 554 3754 mendacii
567 3698 717 3771 arguendus
724 3713 782 3766 est,
798 3699 872 3774 qood
884 3720 998 3756 numero
1012 3699 1192 3755 multitudinis
1203 3709 1262 3751 nta-

189 3793 244 3834 tur.
268 3778 337 3832 Nam
366 3779 493 3832 liberos-arsa
512 3779 690 3852 appellatione
712 3779 784 3834 filins
802 3800 872 3836 unns
889 3783 1049 3836 continetur.
1069 3781 1260 3834 Verumtamen

189 3877 246 3914 non
260 3877 345 3912 unum
361 3855 441 3913 fnisse
456 3857 598 3912 Alexandri
614 3860 699 3914 fllium
711 3873 774 3930 post
793 3864 849 3933 ejus
869 3861 988 3923 obitum,
1003 3878 1035 3913 ex
1050 3859 1098 3925 iis,
1117 3877 1176 3931 qne
1190 3857 1261 3910 inira

189 3942 371 4013 proferemus,
381 3939 528 4010 intelligere
540 3939 640 3994 licebit.
650 3941 691 3994 De
701 3942 827 3995 uxoribus
837 3954 926 3994 autem
936 3936 1079 3993 Alexandri
1092 3956 1187 4010 magna
1198 3955 1262 3991 con·

191 4022 317 4076 troversia
332 4031 380 4074 est.
395 4019 436 4074 Ex
449 4019 572 4081 Arriano,
588 4020 635 4074 lib.
647 4039 691 4086 vt,
706 4019 815 4092 quidem
827 4021 974 4091 intelligere
988 4019 1052 4072 licet
1063 4056 1071 4085 ,
1082 4016 1261 4072 Alexandrum

190 4111 245 4154 tres
256 4118 314 4154 uno
325 4113 445 4172 tempore
458 4099 588 4154 habuisse.
597 4101 735 4154 Lambinus.
752 4099 832 4168 Quod
848 4111 935 4153 antm
946 4097 1071 4150 dlemm
1085 4096 1261 4170 appellatione

191 4191 218 4232 et
229 4199 298 4235 unns
312 4181 384 4234 lilius
403 4180 583 4252 dgniflcetnr,
598 4191 730 4234 testantur
746 4180 821 4251 Cujus
836 4181 866 4233 L.
883 4179 941 4232 Non
955 4190 992 4230 est
1004 4180 1055 4230 sine
1069 4177 1170 4240 liberis,
1186 4189 1213 4232 et
1227 4178 1258 4230 L.

191 4257 342 4333 Nusquam.
355 4261 391 4314 D.
403 4260 434 4314 de
446 4259 480 4315 V.
492 4260 530 4324 S,·
544 4258 652 4324 Gellius,
665 4277 706 4326 st,
720 4261 769 4326 td;
780 4259 875 4314 Servius
889 4256 924 4312 ad
936 4255 1004 4312 illud
1019 4257 1195 4328 VirgiliiAEn.
1207 4276 1260 4322 ιο,

195 4335 283 4393 Gnatis
291 4359 364 4411 parre
378 4344 438 4404 tuis,
454 4353 480 4394 et
493 4341 659 4412 Augustinus,
675 4357 737 4406 xrs,
749 4339 833 4407 doale
847 4337 900 4396 Cis.
915 4339 974 4392 Dei.
987 4336 1099 4410 Magio.
1113 4335 1190 4396 Adde
1198 4335 1258 4394 Ind.
