3200 5120
189 597 747 620 mmmmmtmm
750 599 762 617 ἱ
765 599 1250 621 mmmm

233 852 675 976 EDITORIS
718 851 1209 978 PRAEFATIO.

196 1417 348 1572 Quum
366 1462 435 1557 jam
460 1463 650 1558 saepissime,
676 1461 764 1558 apud
791 1488 905 1533 omnes
932 1461 1091 1534 litteratas
1117 1481 1249 1561 gentcS,

192 1605 272 1692 viri,
292 1605 382 1672 omni
406 1601 630 1672 doctrinarum
653 1601 850 1698 supellectile
876 1605 1134 1694 instructissimi,
1161 1609 1248 1676 Cor-

192 1741 270 1813 nelii
294 1745 429 1838 Nepotis
455 1767 592 1812 aureum
616 1740 760 1811 libellum
785 1743 820 1811 in
843 1741 949 1813 lucem
970 1747 1157 1832 emiserint,
1183 1746 1247 1818 hac

192 1897 306 1953 nostra
335 1883 505 1977 scriptoris
536 1881 765 1977 elegantissimi
797 1908 883 1954 nova
912 1885 1052 1954 editione
1081 1901 1248 1956 tantorum

192 2027 340 2094 virorum
362 2023 508 2094 laborem
528 2022 688 2112 aemulari,
711 2023 814 2093 multo
834 2025 942 2094 minus
960 2023 1106 2114 elevare,
1126 2050 1248 2120 nequa·

193 2189 293 2260 quam
313 2143 415 2234 menti
434 2164 586 2234 occurrit.
602 2164 675 2232 Imo
689 2187 766 2251 noS,
783 2188 856 2258 quae
878 2161 1069 2233 facultatum
1092 2179 1126 2233 et
1141 2165 1248 2233 erudi·

193 2307 291 2375 tionis
301 2320 421 2376 nostrae
429 2303 600 2373 infirmitas
611 2319 676 2392 est,
691 2305 824 2374 minime
837 2305 967 2375 deceret
979 2306 1100 2375 horum
1113 2284 1248 2393 menda,

193 2449 218 2516 si
236 2447 316 2543 quid
336 2462 394 2516 aut
414 2445 614 2543 negligentes
632 2460 689 2514 aut
712 2446 787 2516 fessi
804 2449 1029 2542 peccaverint,
1051 2449 1248 2542 investigare

193 2601 227 2655 et
248 2586 415 2681 persequi,
440 2599 613 2680 postquam
635 2582 755 2653 laboris
777 2609 891 2653 comm
913 2587 1004 2679 quasi
1032 2611 1167 2656 succum
1188 2585 1249 2654 eli-

195 2713 286 2814 cere,
308 2725 402 2794 nobis
422 2723 502 2792 utile
522 2723 699 2792 admodum
721 2721 990 2818 fructuosumque
1007 2727 1116 2794 visum
1138 2726 1247 2793 fuerit.

197 2866 362 2956 Quoniam
379 2865 479 2960 igitur
498 2863 539 2932 de
558 2863 742 2932 clarissimis
761 2862 822 2932 illis
848 2861 1044 2952 editoribus,
1069 2863 1250 2952 Lambino,

197 3009 308 3094 bosio,
331 3007 550 3100 Heusingero,
575 3003 787 3100 pluribusque
810 3006 1009 3100 nuperrimis
1035 3005 1137 3074 firsius
1161 3003 1250 3100 loqui

197 3147 305 3241 pudor
326 3160 414 3214 vetat
434 3160 532 3239 atque
553 3145 623 3238 ipsa
637 3146 721 3239 grati
741 3146 841 3212 animi
859 3147 1036 3229 memoria,
1052 3143 1250 3241 peculiarem

198 3302 316 3357 nostrae
336 3285 433 3378 hujus
454 3285 603 3354 editionis
621 3283 763 3354 indolem
786 3287 988 3380 paucissimis
1007 3288 1114 3356 verbis
1133 3312 1249 3382 expro-

199 3453 288 3498 mere
306 3429 382 3497 satis
399 3428 469 3496 erit.

251 3569 432 3662 Pn'ncipio,
448 3581 486 3636 ut
497 3568 566 3661 ipso
584 3567 723 3661 Nepotis
737 3565 837 3636 verba
853 3592 951 3661 mam
966 3570 1106 3638 maxime
1124 3569 1251 3664 integra

198 3721 416 3801 accuratoque
439 3706 493 3774 hic
520 3703 768 3800 proferrentur,
793 3730 949 3801 magnum
973 3731 1080 3802 operae
1108 3707 1250 3800 pretium

197 3849 271 3918 luit.
292 3849 399 3942 Ergo,
421 3847 569 3939 quamvis
586 3847 702 3940 saepius
724 3845 972 3940 bipontinorum
991 3844 1162 3914 lectionem
1181 3844 1251 3914 fue-

196 3989 301 4057 rimus
315 3989 418 4057 secuti
428 4013 438 4076 ;
448 3987 627 4055 innumeris
643 3999 754 4055 tamen
768 3987 801 4053 iu
820 3983 914 4073 locis,
926 3985 982 4080 qui
996 3982 1048 4052 vel
1060 3983 1252 4054 subobscuri

197 4141 232 4195 et
247 4125 393 4222 perplexi
414 4125 624 4213 videbantur,
648 4123 699 4194 vel
717 4126 817 4194 nimia
837 4123 1110 4196 emendationum·
1118 4125 1255 4194 audacia
