3200 5120
381 530 450 597 DE
477 529 758 600 CORNELIO
785 530 1004 600 NEPOTE.
1133 557 1224 603 xxrrr

165 685 281 747 mum,
311 659 476 730 decimum
507 661 677 753 quintum,
706 675 739 730 et
764 660 928 730 decimum
955 677 1083 732 sextum
1107 662 1227 760 allegat

164 769 335 861 Sosipater
355 766 541 852 Charisius,
557 764 642 835 libro
658 769 703 834 ΙΙ.
722 769 761 834 ln
783 767 833 837 bis
850 768 1000 838 videntur
1018 769 1117 838 luisse
1140 772 1226 840 Vitae

164 875 300 966 Regum
315 875 508 942 Graecorum
522 869 744 966 aliorumque,
761 873 859 941 etiam
875 872 1046 943 illustrium
1059 879 1225 946 Romano·

166 1003 262 1064 mun,
276 1002 358 1071 quas
372 979 483 1070 Nepos
499 980 568 1072 ipse
583 979 805 1072 composuisse
820 1003 854 1048 sc
869 994 1024 1068 testatur,
1037 995 1071 1049 et
1087 981 1169 1050 liber
1184 981 1226 1052 de

168 1081 350 1153 illustribus
371 1084 556 1168 Historicis,
574 1107 672 1176 quem
692 1085 858 1177 scripsisse
880 1109 913 1154 sc
932 1086 1033 1154 relert
1053 1089 1087 1154 in
1106 1089 1223 1157 Dione.

168 1191 226 1260 Sic
243 1191 344 1257 etiam
356 1187 397 1259 de
414 1188 595 1258 illustribus
616 1191 725 1258 Poetis
741 1192 907 1282 scripsisse
925 1190 1059 1286 colligas
1074 1217 1093 1260 e
1110 1195 1224 1262 Sueto·

167 1297 225 1364 uio
247 1296 281 1362 in
299 1297 443 1364 Terentii
456 1296 539 1380 vita,
552 1309 586 1362 et
603 1293 644 1364 de
660 1293 855 1370 Oratoribus
870 1294 1066 1383 illustribuS‚
1084 1312 1145 1368 etc.

220 1401 323 1469 Liber
336 1398 378 1468 de
390 1399 468 1470 Vita
485 1403 533 1468 Μ.
551 1401 658 1468 Porcii
677 1403 812 1469 Catonis
827 1405 1002 1495 separatim
1016 1404 1157 1495 scriptus
1168 1428 1226 1472 ro-

167 1519 248 1600 gatu
265 1507 382 1592 Attici,
400 1521 438 1574 ut
452 1509 563 1600 Nepos
579 1507 647 1599 ipse
660 1518 777 1574 auctor
790 1520 840 1575 est
853 1508 887 1574 in
900 1521 1048 1576 extremo
1063 1509 1172 1578 brevis
1185 1509 1226 1578 de

168 1613 299 1682 Catone
316 1613 655 1698 commemorationis,
676 1633 748 1704 que
768 1609 866 1680 bodie
886 1627 984 1681 extat.

223 1717 316 1786 Libri
335 1716 376 1785 de
397 1718 465 1786 vita
486 1719 675 1802 Ciceronis,
689 1741 830 1811 quorum
848 1719 992 1812 primum
1013 1718 1125 1788 laudat
1143 1718 1226 1790 Gel-

167 1821 251 1910 lius,
272 1825 356 1911 XV,
379 1823 437 1897 28·

223 1927 316 1998 Libri
340 1926 562 2022 Epistularum
582 1927 624 1997 ad
646 1927 856 2014 Ciceronem,
874 1915 1014 2022 quoium
1032 1932 1157 2025 primus
1179 1933 1224 2001 ci·

169 2047 261 2104 tatur
283 2057 301 2102 a
320 2035 512 2121 lactantio,
528 2036 596 2120 ΙΙΙ,
619 2031 673 2104 15.
697 2034 985 2122 Quemadmodum
1002 2050 1036 2103 et
1056 2037 1225 2105 Ciceronis

169 2139 211 2208 ad
225 2143 387 2234 Nepotem
400 2138 563 2234 Epistulas
575 2154 835 2209 commemorant
847 2142 1020 2209 Suetonius
1034 2142 1067 2208 in
1082 2144 1225 2228 Caesare,

170 2269 242 2339 cap.
266 2242 332 2331 55,
354 2246 560 2334 Macrobius,
574 2249 716 2340 itemque
732 2245 793 2314 alii.
1273 2235 1276 2242 ’

223 2353 264 2419 In
274 2350 395 2422 Catulli
405 2351 551 2422 versibus
565 2351 607 2421 ad
620 2355 801 2446 Nepotem,
817 2353 958 2441 «Quum
970 2375 1068 2420 ausus
1079 2377 1129 2438 es,
1139 2376 1225 2422 unus

171 2456 350 2544 ltalorum,
368 2459 478 2526 Omne
498 2481 604 2526 aevurn
626 2457 730 2526 tribus
751 2456 913 2550 explicare
931 2457 1069 2542 chartis,
1086 2486 1104 2522 i>
1126 2459 1224 2527 Petro

170 2563 307 2633 Possino
321 2565 354 2632 in
370 2565 456 2633 notu
476 2562 517 2631 ad
535 2565 657 2636 Nicetes
671 2565 763 2630 Orat.
779 2562 820 2632 de
835 2562 1058 2631 laudibus'SS.
1074 2565 1222 2632 Archan-

171 2667 339 2761 gelorum,
354 2695 385 2764 p.
412 2667 478 2764 59,
494 2693 581 2738 unus
606 2668 738 2737 videtur
758 2668 843 2736 idem
869 2692 939 2736 esse
964 2666 1052 2760 quod
1068 2675 1221 2762 prmius,

169 2773 306 2867 perinde
326 2790 363 2844 ut
380 2774 468 2869 opud
488 2775 645 2844 Hebraeos
663 2773 827 2843 interdum
844 2772 969 2858 ectasi,
986 2786 1020 2839 et
1033 2773 1121 2865 apud
1138 2777 1225 2843 Grae-

170 2905 228 2948 cos
241 2876 292 2958 εἷς.
309 2880 374 2950 Sed
392 2883 418 2949 si
432 2881 556 2975 primus
568 2879 693 2951 fuitillo
711 2893 859 2973 ternpore
870 2881 998 2972 Nepos,
1016 2879 1071 2970 qui
1084 2877 1118 2945 id
1126 2901 1224 2948 ausus

170 2998 237 3071 est,
250 2984 346 3054 facile
361 2987 478 3072 edum,
495 3011 596 3079 qrurm
614 2985 762 3056 Catullus
782 2985 959 3070 scriberet,
976 2982 1063 3052 solus
1077 3007 1146 3052 esse
1166 3009 1224 3078 po·

169 3093 255 3160 urit:
276 3090 452 3185 alloquitur
471 3094 556 3160 enirn
578 3090 726 3161 Catullus
756 3113 831 3159 eum
858 3104 895 3159 ut
926 3088 1091 3184 aequalem.
1116 3092 1224 3184 Magis

170 3195 280 3291 placet
302 3199 555 3290 prestantissimi
577 3199 639 3265 viri
657 3199 708 3265 lo.
729 3197 861 3266 Antonii
884 3195 997 3291 Vulpii
1014 3196 1224 3288 conjectura,

169 3305 227 3396 qui
242 3302 349 3372 crt'bus
364 3304 492 3372 chartis
512 3305 746 3397 interpretatur
763 3300 852 3370 libris
869 3327 935 3370 non
951 3301 1057 3370 tribus
1074 3305 1224 3394 praecise,

170 3407 228 3478 sed
249 3411 380 3582 plaucis,
399 3407 450 3478 vel
469 3409 631 3478 brevibus.
657 3407 761 3494 Vide,
780 3409 805 3476 si
827 3406 953 3502 placet,
977 3407 1047 3500 ejus
1068 3421 1163 3476 notas
1182 3407 1225 3498 ad

170 3514 270 3584 Catul
283 3539 349 3584 um.

170 3737 399 3828 Fragmenta,
411 3750 445 3802 et
458 3733 501 3804 de
516 3735 681 3805 Corneto
691 3731 810 3804 macru
822 3733 1050 3804 Gracchorwu
1064 3733 1099 3800 E
1092 3731 1225 3825 piacola

538 3839 590 3908 ad
605 3843 640 3911 C.
659 3839 857 3909 Gracchum.

224 4035 421 4128 Fragmenta
441 4034 577 4126 Nepotis
599 4031 641 4100 ab
655 4030 786 4100 andrea
803 4030 940 4098 Sclrotto
961 4026 1133 4123 diligenter
1154 4027 1226 4096 col-

172 4135 275 4228 lecte,
294 4153 391 4234 atque
414 4137 490 4208 inde
508 4141 541 4208 iu
557 4135 718 4231 plerisque
736 4133 880 4206 Cornelii
898 4132 1094 4204 editionibus
1112 4157 1226 4204 recusa

999 4253 1042 4334 Bt
