<?xml version="1.0" encoding="UTF-8"?>
<!DOCTYPE html PUBLIC "-//W3C//DTD XHTML 1.0 Transitional//EN"
    "http://www.w3.org/TR/xhtml1/DTD/xhtml1-transitional.dtd">
<html xmlns="http://www.w3.org/1999/xhtml" xml:lang="en" lang="en">
 <head>
  <title>
</title>
<meta http-equiv="Content-Type" content="text/html;charset=utf-8" />
  <meta name='ocr-system' content='tesseract 3.04.00' />
  <meta name='ocr-capabilities' content='ocr_page ocr_carea ocr_par ocr_line ocrx_word'/>
</head>
<body>
  <div class='ocr_page' id='page_1' title='image "./corneliusnepose00descgoog_0298.png"; bbox 0 0 3284 5150; ppageno 0'>
   <div class='ocr_carea' id='block_1_1' title="bbox 554 477 1360 554">
    <p class='ocr_par' dir='ltr' id='par_1_1' title="bbox 554 477 1360 554">
     <span class='ocr_line' id='line_1_1' title="bbox 554 477 1360 554; baseline 0.014 -8"><span class='ocrx_word' id='word_1_1' title='bbox 554 477 851 548; x_wconf 85' lang='lat' dir='ltr'>HAMILCAR.</span> <span class='ocrx_word' id='word_1_2' title='bbox 922 533 926 538; x_wconf 86' lang='lat'>-</span> <span class='ocrx_word' id='word_1_3' title='bbox 1162 483 1238 554; x_wconf 74' lang='lat'>223</span> <span class='ocrx_word' id='word_1_4' title='bbox 1355 497 1360 506; x_wconf 90' lang='lat'>&#39;</span> 
     </span>
    </p>
   </div>
   <div class='ocr_carea' id='block_1_2' title="bbox 166 615 1231 647">
    <p class='ocr_par' dir='ltr' id='par_1_2' title="bbox 166 615 1231 647">
     <span class='ocr_line' id='line_1_2' title="bbox 166 615 1231 647; baseline 0.011 -12"><span class='ocrx_word' id='word_1_5' title='bbox 166 615 1231 647; x_wconf 48' lang='lat' dir='ltr'>mmmmmmmfflxlufflwefflmmmmmsswffl</span> 
     </span>
    </p>
   </div>
   <div class='ocr_carea' id='block_1_3' title="bbox 379 787 989 1184">
    <p class='ocr_par' dir='ltr' id='par_1_3' title="bbox 379 787 989 1184">
     <span class='ocr_line' id='line_1_3' title="bbox 416 787 790 936; baseline 0.003 -63"><span class='ocrx_word' id='word_1_6' title='bbox 416 931 418 936; x_wconf 10' lang='grc' dir='ltr'><strong><em>Α</em></strong></span> <span class='ocrx_word' id='word_1_7' title='bbox 605 787 790 877; x_wconf 87' lang='grc' dir='ltr'>ΧΧΙΙ.</span> 
     </span>
     <span class='ocr_line' id='line_1_4' title="bbox 379 987 989 1184; baseline 0.011 -31"><span class='ocrx_word' id='word_1_8' title='bbox 379 987 989 1184; x_wconf 67' lang='lat' dir='ltr'>&#39;Hannone</span> 
     </span>
    </p>
   </div>
   <div class='ocr_carea' id='block_1_4' title="bbox 548 1277 836 1310">
    <p class='ocr_par' dir='ltr' id='par_1_4' title="bbox 548 1277 836 1310">
     <span class='ocr_line' id='line_1_5' title="bbox 548 1277 836 1310; baseline 0 -2"><span class='ocrx_word' id='word_1_9' title='bbox 548 1277 836 1310; x_wconf 51' lang='lat'>*-</span> 
     </span>
    </p>
   </div>
   <div class='ocr_carea' id='block_1_5' title="bbox 506 1459 902 1528">
    <p class='ocr_par' dir='ltr' id='par_1_5' title="bbox 506 1459 902 1528">
     <span class='ocr_line' id='line_1_6' title="bbox 506 1459 902 1528; baseline 0 -2"><span class='ocrx_word' id='word_1_10' title='bbox 506 1459 902 1528; x_wconf 82' lang='lat' dir='ltr'><strong>ARGUMENTUM.</strong></span> 
     </span>
    </p>
   </div>
   <div class='ocr_carea' id='block_1_6' title="bbox 174 1627 1242 2174">
    <p class='ocr_par' dir='ltr' id='par_1_6' title="bbox 174 1627 1242 2174">
     <span class='ocr_line' id='line_1_7' title="bbox 174 1627 1239 1718; baseline 0.011 -30"><span class='ocrx_word' id='word_1_11' title='bbox 174 1633 250 1689; x_wconf 74' lang='lat' dir='ltr'>Cir.</span> <span class='ocrx_word' id='word_1_12' title='bbox 272 1631 305 1700; x_wconf 90' lang='lat'>1;</span> <span class='ocrx_word' id='word_1_13' title='bbox 330 1628 478 1687; x_wconf 84' lang='lat' dir='ltr'><strong>Hamilcar</strong></span> <span class='ocrx_word' id='word_1_14' title='bbox 499 1631 625 1706; x_wconf 82' lang='lat' dir='ltr'><strong>Erycem</strong></span> <span class='ocrx_word' id='word_1_15' title='bbox 646 1627 789 1688; x_wconf 83' lang='lat' dir='ltr'>defendit.</span> <span class='ocrx_word' id='word_1_16' title='bbox 813 1635 919 1689; x_wconf 87' lang='lat' dir='ltr'><strong>Pacem</strong></span> <span class='ocrx_word' id='word_1_17' title='bbox 934 1634 1096 1693; x_wconf 86' lang='lat' dir='ltr'>constantia</span> <span class='ocrx_word' id='word_1_18' title='bbox 1119 1656 1171 1697; x_wconf 83' lang='lat' dir='ltr'>sua</span> <span class='ocrx_word' id='word_1_19' title='bbox 1186 1659 1239 1718; x_wconf 88' lang='lat' dir='ltr'>pa-</span> 
     </span>
     <span class='ocr_line' id='line_1_8' title="bbox 213 1724 1240 1808; baseline 0.01 -24"><span class='ocrx_word' id='word_1_20' title='bbox 213 1727 276 1784; x_wconf 83' lang='lat' dir='ltr'>ttiae</span> <span class='ocrx_word' id='word_1_21' title='bbox 302 1724 450 1783; x_wconf 86' lang='lat' dir='ltr'>conciliat.</span> <span class='ocrx_word' id='word_1_22' title='bbox 474 1757 515 1770; x_wconf 93' lang='lat'>—-</span> <span class='ocrx_word' id='word_1_23' title='bbox 537 1729 586 1798; x_wconf 86' lang='lat' dir='ltr'>n;</span> <span class='ocrx_word' id='word_1_24' title='bbox 614 1726 747 1783; x_wconf 78' lang='lat' dir='ltr'>Remotis</span> <span class='ocrx_word' id='word_1_25' title='bbox 768 1746 785 1784; x_wconf 89' lang='lat' dir='ltr'>a</span> <span class='ocrx_word' id='word_1_26' title='bbox 804 1726 977 1808; x_wconf 78' lang='lat' dir='ltr'>Carthagine</span> <span class='ocrx_word' id='word_1_27' title='bbox 996 1730 1140 1792; x_wconf 76' lang='lat' dir='ltr'>militibus</span> <span class='ocrx_word' id='word_1_28' title='bbox 1160 1755 1240 1794; x_wconf 88' lang='lat' dir='ltr'>mer-</span> 
     </span>
     <span class='ocr_line' id='line_1_9' title="bbox 212 1823 1240 1898; baseline 0.011 -17"><span class='ocrx_word' id='word_1_29' title='bbox 212 1824 352 1894; x_wconf 85' lang='lat' dir='ltr'>cenariis,</span> <span class='ocrx_word' id='word_1_30' title='bbox 382 1824 478 1882; x_wconf 89' lang='lat' dir='ltr'>otium</span> <span class='ocrx_word' id='word_1_31' title='bbox 504 1824 558 1882; x_wconf 87' lang='lat' dir='ltr'>toti</span> <span class='ocrx_word' id='word_1_32' title='bbox 587 1823 693 1882; x_wconf 71' lang='lat' dir='ltr'>Africa</span> <span class='ocrx_word' id='word_1_33' title='bbox 710 1824 851 1883; x_wconf 89' lang='lat' dir='ltr'>restituit.</span> <span class='ocrx_word' id='word_1_34' title='bbox 875 1857 916 1871; x_wconf 93' lang='lat'><em>-</em></span> <span class='ocrx_word' id='word_1_35' title='bbox 936 1829 998 1898; x_wconf 73' lang='lat'><em>1113</em></span> <span class='ocrx_word' id='word_1_36' title='bbox 1022 1828 1128 1888; x_wconf 87' lang='lat' dir='ltr'>Filium</span> <span class='ocrx_word' id='word_1_37' title='bbox 1152 1851 1240 1891; x_wconf 88' lang='lat' dir='ltr'>suum</span> 
     </span>
     <span class='ocr_line' id='line_1_10' title="bbox 212 1919 1241 2004; baseline 0.011 -26"><span class='ocrx_word' id='word_1_38' title='bbox 212 1921 409 1979; x_wconf 85' lang='lat' dir='ltr'>Hannibalem</span> <span class='ocrx_word' id='word_1_39' title='bbox 425 1921 457 1978; x_wconf 88' lang='lat' dir='ltr'>in</span> <span class='ocrx_word' id='word_1_40' title='bbox 478 1920 647 1999; x_wconf 84' lang='lat' dir='ltr'>Hispaniam</span> <span class='ocrx_word' id='word_1_41' title='bbox 666 1919 757 1980; x_wconf 88' lang='lat' dir='ltr'>ducit.</span> <span class='ocrx_word' id='word_1_42' title='bbox 779 1921 944 1981; x_wconf 78' lang='lat' dir='ltr'><strong>Hasdrubal</strong></span> <span class='ocrx_word' id='word_1_43' title='bbox 961 1925 1024 2002; x_wconf 85' lang='lat' dir='ltr'>ejus</span> <span class='ocrx_word' id='word_1_44' title='bbox 1039 1945 1148 2004; x_wconf 88' lang='lat' dir='ltr'>gener,</span> <span class='ocrx_word' id='word_1_45' title='bbox 1165 1943 1194 1988; x_wconf 90' lang='lat' dir='ltr'>et</span> <span class='ocrx_word' id='word_1_46' title='bbox 1210 1933 1241 1989; x_wconf 88' lang='lat' dir='ltr'>in</span> 
     </span>
     <span class='ocr_line' id='line_1_11' title="bbox 214 2016 1242 2097; baseline 0.011 -22"><span class='ocrx_word' id='word_1_47' title='bbox 214 2016 340 2095; x_wconf 86' lang='lat' dir='ltr'>imperio</span> <span class='ocrx_word' id='word_1_48' title='bbox 365 2035 525 2076; x_wconf 77' lang='lat' dir='ltr'>successor.</span> <span class='ocrx_word' id='word_1_49' title='bbox 543 2059 580 2070; x_wconf 88' lang='lat'>-</span> <span class='ocrx_word' id='word_1_50' title='bbox 599 2020 659 2088; x_wconf 88' lang='lat' dir='ltr'>1v;</span> <span class='ocrx_word' id='word_1_51' title='bbox 678 2021 714 2075; x_wconf 87' lang='lat' dir='ltr'>In</span> <span class='ocrx_word' id='word_1_52' title='bbox 734 2016 874 2096; x_wconf 79' lang='lat' dir='ltr'>Hispanis</span> <span class='ocrx_word' id='word_1_53' title='bbox 894 2020 997 2097; x_wconf 83' lang='lat' dir='ltr'>praelio</span> <span class='ocrx_word' id='word_1_54' title='bbox 1017 2022 1156 2084; x_wconf 84' lang='lat' dir='ltr'>adversus</span> <span class='ocrx_word' id='word_1_55' title='bbox 1168 2031 1242 2086; x_wconf 77' lang='lat' dir='ltr'>Vet-</span> 
     </span>
     <span class='ocr_line' id='line_1_12' title="bbox 213 2115 399 2174; baseline -0.005 -2"><span class='ocrx_word' id='word_1_56' title='bbox 213 2126 298 2174; x_wconf 88' lang='lat' dir='ltr'>tones</span> <span class='ocrx_word' id='word_1_57' title='bbox 311 2115 399 2174; x_wconf 86' lang='lat' dir='ltr'>cadit.</span> 
     </span>
    </p>
   </div>
   <div class='ocr_carea' id='block_1_7' title="bbox 399 2294 1010 2334">
    <p class='ocr_par' dir='ltr' id='par_1_7' title="bbox 399 2294 1010 2334">
     <span class='ocr_line' id='line_1_13' title="bbox 399 2294 1010 2334; baseline 0.007 -10"><span class='ocrx_word' id='word_1_58' title='bbox 399 2294 1010 2334; x_wconf 41' lang='grc' dir='ltr'>μ--ιιῡοῄ--κ-η</span> 
     </span>
    </p>
   </div>
   <div class='ocr_carea' id='block_1_8' title="bbox 174 2467 1242 2612">
    <p class='ocr_par' dir='ltr' id='par_1_8' title="bbox 174 2467 1242 2612">
     <span class='ocr_line' id='line_1_14' title="bbox 174 2467 1242 2612; baseline 0.003 -24"><span class='ocrx_word' id='word_1_59' title='bbox 174 2467 447 2601; x_wconf 62' lang='lat' dir='ltr'>Hirrum,</span> <span class='ocrx_word' id='word_1_60' title='bbox 475 2512 690 2586; x_wconf 82' lang='lat' dir='ltr'>Hannibalis¹</span> <span class='ocrx_word' id='word_1_61' title='bbox 722 2512 827 2603; x_wconf 87' lang='lat' dir='ltr'>filius,</span> <span class='ocrx_word' id='word_1_62' title='bbox 865 2517 1063 2610; x_wconf 84' lang='lat' dir='ltr'>cognomine</span> <span class='ocrx_word' id='word_1_63' title='bbox 1101 2521 1242 2612; x_wconf 86' lang='lat' dir='ltr'>Bareas,</span> 
     </span>
    </p>
   </div>
   <div class='ocr_carea' id='block_1_9' title="bbox 177 2619 1244 3044">
    <p class='ocr_par' dir='ltr' id='par_1_9' title="bbox 177 2619 1244 3044">
     <span class='ocr_line' id='line_1_15' title="bbox 177 2619 1241 2719; baseline 0.005 -27"><span class='ocrx_word' id='word_1_64' title='bbox 177 2623 475 2719; x_wconf 79' lang='lat' dir='ltr'>Carthaginiensis,</span> <span class='ocrx_word' id='word_1_65' title='bbox 490 2623 599 2718; x_wconf 89' lang='lat' dir='ltr'>primo</span> <span class='ocrx_word' id='word_1_66' title='bbox 616 2622 751 2691; x_wconf 89' lang='lat' dir='ltr'>Poenico</span> <span class='ocrx_word' id='word_1_67' title='bbox 769 2619 874 2709; x_wconf 86' lang='lat' dir='ltr'>bello,</span> <span class='ocrx_word' id='word_1_68' title='bbox 888 2620 945 2691; x_wconf 84' lang='lat' dir='ltr'>sed</span> <span class='ocrx_word' id='word_1_69' title='bbox 962 2623 1166 2718; x_wconf 81' lang='lat' dir='ltr'>temporibus</span> <span class='ocrx_word' id='word_1_70' title='bbox 1187 2653 1241 2697; x_wconf 86' lang='lat' dir='ltr'>ex·</span> 
     </span>
     <span class='ocr_line' id='line_1_16' title="bbox 177 2726 1244 2828; baseline 0 -25"><span class='ocrx_word' id='word_1_71' title='bbox 177 2735 310 2815; x_wconf 80' lang='lat' dir='ltr'>tremis,</span> <span class='ocrx_word' id='word_1_72' title='bbox 332 2729 512 2800; x_wconf 78' lang='lat' dir='ltr'>admodum</span> <span class='ocrx_word' id='word_1_73' title='bbox 530 2726 794 2798; x_wconf 90' lang='lat' dir='ltr'>adolescentulus</span> <span class='ocrx_word' id='word_1_74' title='bbox 812 2727 846 2796; x_wconf 89' lang='lat' dir='ltr'>in</span> <span class='ocrx_word' id='word_1_75' title='bbox 867 2727 975 2798; x_wconf 87' lang='lat' dir='ltr'>Sicilia</span> <span class='ocrx_word' id='word_1_76' title='bbox 992 2753 1133 2824; x_wconf 85' lang='lat' dir='ltr'>praeesse</span> <span class='ocrx_word' id='word_1_77' title='bbox 1145 2738 1244 2828; x_wconf 89' lang='lat' dir='ltr'>coepit</span> 
     </span>
     <span class='ocr_line' id='line_1_17' title="bbox 179 2835 1244 2929; baseline -0.003 -16"><span class='ocrx_word' id='word_1_78' title='bbox 179 2839 347 2912; x_wconf 86' lang='lat' dir='ltr'>exercitui.</span> <span class='ocrx_word' id='word_1_79' title='bbox 360 2837 476 2926; x_wconf 89' lang='lat' dir='ltr'>Quum</span> <span class='ocrx_word' id='word_1_80' title='bbox 495 2849 571 2905; x_wconf 89' lang='lat' dir='ltr'>ante</span> <span class='ocrx_word' id='word_1_81' title='bbox 583 2835 653 2929; x_wconf 88' lang='lat' dir='ltr'>ejus</span> <span class='ocrx_word' id='word_1_82' title='bbox 668 2835 848 2904; x_wconf 84' lang='lat' dir='ltr'>adventum</span> <span class='ocrx_word' id='word_1_83' title='bbox 867 2849 901 2903; x_wconf 93' lang='lat' dir='ltr'>et</span> <span class='ocrx_word' id='word_1_84' title='bbox 913 2837 996 2903; x_wconf 86' lang='lat' dir='ltr'>mari</span> <span class='ocrx_word' id='word_1_85' title='bbox 1010 2851 1044 2903; x_wconf 89' lang='lat' dir='ltr'>et</span> <span class='ocrx_word' id='word_1_86' title='bbox 1058 2851 1145 2906; x_wconf 87' lang='lat' dir='ltr'>terra</span> <span class='ocrx_word' id='word_1_87' title='bbox 1159 2840 1244 2910; x_wconf 87' lang='lat' dir='ltr'>male</span> 
     </span>
     <span class='ocr_line' id='line_1_18' title="bbox 178 2937 1244 3044; baseline 0.001 -29"><span class='ocrx_word' id='word_1_88' title='bbox 178 2975 232 3021; x_wconf 86' lang='lat' dir='ltr'>res</span> <span class='ocrx_word' id='word_1_89' title='bbox 251 2958 446 3044; x_wconf 84' lang='lat' dir='ltr'>gererentur</span> <span class='ocrx_word' id='word_1_90' title='bbox 467 2942 788 3037; x_wconf 87' lang='lat' dir='ltr'>Carthaginiensium</span> <span class='ocrx_word' id='word_1_91' title='bbox 799 2937 822 3030; x_wconf 83' lang='lat'>²3</span> <span class='ocrx_word' id='word_1_92' title='bbox 843 2941 930 3036; x_wconf 89' lang='lat' dir='ltr'>ipse,</span> <span class='ocrx_word' id='word_1_93' title='bbox 952 2941 1010 3011; x_wconf 89' lang='lat' dir='ltr'>ubi</span> <span class='ocrx_word' id='word_1_94' title='bbox 1028 2941 1139 3032; x_wconf 74' lang='lat' dir='ltr'>afluit,</span> <span class='ocrx_word' id='word_1_95' title='bbox 1158 2971 1244 3016; x_wconf 93' lang='lat' dir='ltr'>nun·</span> 
     </span>
    </p>
   </div>
   <div class='ocr_carea' id='block_1_10' title="bbox 180 3136 1246 4173">
    <p class='ocr_par' dir='ltr' id='par_1_10' title="bbox 180 3136 1246 4173">
     <span class='ocr_line' id='line_1_19' title="bbox 220 3136 1243 3214; baseline 0.004 -18"><span class='ocrx_word' id='word_1_96' title='bbox 220 3145 284 3200; x_wconf 78' lang='lat' dir='ltr'>Car.</span> <span class='ocrx_word' id='word_1_97' title='bbox 296 3145 320 3197; x_wconf 91' lang='lat'>1.</span> <span class='ocrx_word' id='word_1_98' title='bbox 341 3161 365 3196; x_wconf 86' lang='lat' dir='ltr'>r.</span> <span class='ocrx_word' id='word_1_99' title='bbox 382 3139 537 3195; x_wconf 79' lang='lat' dir='ltr'>Hannibalis.</span> <span class='ocrx_word' id='word_1_100' title='bbox 553 3141 623 3193; x_wconf 89' lang='lat' dir='ltr'>Eum</span> <span class='ocrx_word' id='word_1_101' title='bbox 639 3158 688 3209; x_wconf 90' lang='lat' dir='ltr'>pu·</span> <span class='ocrx_word' id='word_1_102' title='bbox 732 3136 795 3192; x_wconf 74' lang='lat' dir='ltr'>dite</span> <span class='ocrx_word' id='word_1_103' title='bbox 809 3140 866 3208; x_wconf 69' lang='lat'>489</span> <span class='ocrx_word' id='word_1_104' title='bbox 884 3151 1000 3214; x_wconf 78' lang='lat' dir='ltr'>coptum</span> <span class='ocrx_word' id='word_1_105' title='bbox 1019 3140 1116 3207; x_wconf 80' lang='lat' dir='ltr'>fuerit,</span> <span class='ocrx_word' id='word_1_106' title='bbox 1132 3155 1159 3196; x_wconf 91' lang='lat' dir='ltr'>et</span> <span class='ocrx_word' id='word_1_107' title='bbox 1174 3163 1243 3200; x_wconf 84' lang='lat' dir='ltr'>anno</span> 
     </span>
     <span class='ocr_line' id='line_1_20' title="bbox 180 3218 1244 3296; baseline 0 -18"><span class='ocrx_word' id='word_1_108' title='bbox 180 3237 256 3290; x_wconf 81' lang='lat' dir='ltr'>tant,</span> <span class='ocrx_word' id='word_1_109' title='bbox 269 3223 316 3296; x_wconf 83' lang='lat' dir='ltr'>qm&#39;</span> <span class='ocrx_word' id='word_1_110' title='bbox 329 3242 343 3276; x_wconf 84' lang='grc' dir='ltr'>ι</span> <span class='ocrx_word' id='word_1_111' title='bbox 356 3221 465 3274; x_wconf 84' lang='lat' dir='ltr'>Valerio</span> <span class='ocrx_word' id='word_1_112' title='bbox 478 3219 611 3285; x_wconf 82' lang='lat' dir='ltr'>Maximo,</span> <span class='ocrx_word' id='word_1_113' title='bbox 621 3219 688 3286; x_wconf 89' lang='lat' dir='ltr'>vn,</span> <span class='ocrx_word' id='word_1_114' title='bbox 735 3220 789 3272; x_wconf 75' lang='lat'>512</span> <span class='ocrx_word' id='word_1_115' title='bbox 807 3218 922 3272; x_wconf 87' lang='lat' dir='ltr'>linitum.</span> <span class='ocrx_word' id='word_1_116' title='bbox 942 3221 982 3272; x_wconf 87' lang='lat' dir='ltr'>De</span> <span class='ocrx_word' id='word_1_117' title='bbox 997 3239 1065 3292; x_wconf 85' lang='lat' dir='ltr'>quo,</span> <span class='ocrx_word' id='word_1_118' title='bbox 1081 3237 1177 3293; x_wconf 80' lang='lat' dir='ltr'>prester</span> <span class='ocrx_word' id='word_1_119' title='bbox 1192 3226 1244 3278; x_wconf 88' lang='lat' dir='ltr'>Po-</span> 
     </span>
     <span class='ocr_line' id='line_1_21' title="bbox 183 3297 1244 3373; baseline 0 -16"><span class='ocrx_word' id='word_1_120' title='bbox 183 3305 217 3366; x_wconf 80' lang='lat'>3,</span> <span class='ocrx_word' id='word_1_121' title='bbox 240 3316 306 3357; x_wconf 85' lang='lat' dir='ltr'>extr.</span> <span class='ocrx_word' id='word_1_122' title='bbox 328 3323 360 3373; x_wconf 87' lang='lat'>7,</span> <span class='ocrx_word' id='word_1_123' title='bbox 379 3304 487 3373; x_wconf 77' lang='lat' dir='ltr'>superior</span> <span class='ocrx_word' id='word_1_124' title='bbox 505 3299 643 3359; x_wconf 77' lang='lat' dir='ltr'>Hannibal,</span> <span class='ocrx_word' id='word_1_125' title='bbox 663 3311 690 3352; x_wconf 88' lang='lat' dir='ltr'>et</span> <span class='ocrx_word' id='word_1_126' title='bbox 732 3297 887 3369; x_wconf 82' lang='lat' dir='ltr'>lybium‚l,</span> <span class='ocrx_word' id='word_1_127' title='bbox 900 3311 927 3352; x_wconf 88' lang='lat' dir='ltr'>et</span> <span class='ocrx_word' id='word_1_128' title='bbox 935 3298 1030 3353; x_wconf 88' lang='lat' dir='ltr'>Silium</span> <span class='ocrx_word' id='word_1_129' title='bbox 1045 3301 1244 3372; x_wconf 83' lang='lat' dir='ltr'>Italicum,V1‚</span> 
     </span>
     <span class='ocr_line' id='line_1_22' title="bbox 181 3379 1244 3451; baseline -0.007 -13"><span class='ocrx_word' id='word_1_130' title='bbox 181 3386 216 3438; x_wconf 80' lang='lat' dir='ltr'>ab</span> <span class='ocrx_word' id='word_1_131' title='bbox 232 3383 341 3446; x_wconf 76' lang='lat' dir='ltr'>Oresio,</span> <span class='ocrx_word' id='word_1_132' title='bbox 359 3382 414 3446; x_wconf 89' lang='lat' dir='ltr'>lv,</span> <span class='ocrx_word' id='word_1_133' title='bbox 427 3399 462 3451; x_wconf 88' lang='lat'>7,</span> <span class='ocrx_word' id='word_1_134' title='bbox 478 3383 556 3431; x_wconf 80' lang='lat' dir='ltr'>serior</span> <span class='ocrx_word' id='word_1_135' title='bbox 569 3391 687 3432; x_wconf 81' lang='lat' dir='ltr'>vocetur.</span> <span class='ocrx_word' id='word_1_136' title='bbox 732 3379 834 3432; x_wconf 85' lang='lat' dir='ltr'>consuli</span> <span class='ocrx_word' id='word_1_137' title='bbox 847 3391 934 3450; x_wconf 85' lang='lat' dir='ltr'>potest</span> <span class='ocrx_word' id='word_1_138' title='bbox 949 3379 1055 3444; x_wconf 77' lang='lat' dir='ltr'>Florus,</span> <span class='ocrx_word' id='word_1_139' title='bbox 1070 3382 1112 3448; x_wconf 88' lang='grc' dir='ltr'>ΙΙ,</span> <span class='ocrx_word' id='word_1_140' title='bbox 1129 3403 1244 3450; x_wconf 61' lang='lat' dir='ltr'>mom.</span> 
     </span>
     <span class='ocr_line' id='line_1_23' title="bbox 180 3459 940 3529; baseline -0.007 -12"><span class='ocrx_word' id='word_1_141' title='bbox 180 3495 222 3522; x_wconf 86' lang='grc'>-,-</span> <span class='ocrx_word' id='word_1_142' title='bbox 235 3465 337 3516; x_wconf 71' lang='lat' dir='ltr'>umas.</span> <span class='ocrx_word' id='word_1_143' title='bbox 361 3461 432 3514; x_wconf 80' lang='lat' dir='ltr'>ilino</span> <span class='ocrx_word' id='word_1_144' title='bbox 454 3459 588 3512; x_wconf 72' lang='lat' dir='ltr'>Hannibal</span> <span class='ocrx_word' id='word_1_145' title='bbox 602 3459 691 3511; x_wconf 71' lang='lat' dir='ltr'>Barea</span> <span class='ocrx_word' id='word_1_146' title='bbox 732 3459 874 3529; x_wconf 81' lang='lat' dir='ltr'>pluresque</span> <span class='ocrx_word' id='word_1_147' title='bbox 887 3459 940 3512; x_wconf 82' lang='lat' dir='ltr'>elii.</span> 
     </span>
     <span class='ocr_line' id='line_1_24' title="bbox 181 3538 1243 3616; baseline -0.006 -20"><span class='ocrx_word' id='word_1_148' title='bbox 181 3544 252 3598; x_wconf 82' lang='lat' dir='ltr'>filius</span> <span class='ocrx_word' id='word_1_149' title='bbox 266 3563 280 3596; x_wconf 85' lang='lat' dir='ltr'>s</span> <span class='ocrx_word' id='word_1_150' title='bbox 293 3543 363 3596; x_wconf 85' lang='lat' dir='ltr'>Plnt.</span> <span class='ocrx_word' id='word_1_151' title='bbox 377 3553 495 3594; x_wconf 81' lang='lat' dir='ltr'>vooetur.</span> <span class='ocrx_word' id='word_1_152' title='bbox 511 3538 582 3590; x_wconf 86' lang='lat' dir='ltr'>ilinc</span> <span class='ocrx_word' id='word_1_153' title='bbox 594 3539 690 3609; x_wconf 86' lang='lat' dir='ltr'>passim</span> <span class='ocrx_word' id='word_1_154' title='bbox 776 3557 801 3590; x_wconf 79' lang='lat' dir='ltr'>s.</span> <span class='ocrx_word' id='word_1_155' title='bbox 822 3538 890 3591; x_wconf 82' lang='lat' dir='ltr'>Male</span> <span class='ocrx_word' id='word_1_156' title='bbox 906 3559 942 3591; x_wconf 75' lang='lat' dir='ltr'>rer</span> <span class='ocrx_word' id='word_1_157' title='bbox 956 3552 1095 3608; x_wconf 73' lang='lat' dir='ltr'>gemeretur</span> <span class='ocrx_word' id='word_1_158' title='bbox 1110 3542 1243 3616; x_wconf 64' lang='lat' dir='ltr'>Carthagi.</span> 
     </span>
     <span class='ocr_line' id='line_1_25' title="bbox 183 3619 1244 3688; baseline -0.004 -12"><span class='ocrx_word' id='word_1_159' title='bbox 183 3625 212 3676; x_wconf 92' lang='lat' dir='ltr'>in</span> <span class='ocrx_word' id='word_1_160' title='bbox 222 3623 300 3676; x_wconf 74' lang='lat' dir='ltr'>Livio</span> <span class='ocrx_word' id='word_1_161' title='bbox 309 3622 510 3688; x_wconf 82' lang='lat' dir='ltr'>Barsinaseetie,</span> <span class='ocrx_word' id='word_1_162' title='bbox 516 3619 616 3686; x_wconf 79' lang='lat' dir='ltr'>familia</span> <span class='ocrx_word' id='word_1_163' title='bbox 624 3619 690 3671; x_wconf 54' lang='lat' dir='ltr'>Ber»</span> <span class='ocrx_word' id='word_1_164' title='bbox 734 3620 857 3670; x_wconf 50' lang='lat' dir='ltr'>mnrium.</span> <span class='ocrx_word' id='word_1_165' title='bbox 872 3619 927 3672; x_wconf 82' lang='lat' dir='ltr'>llos</span> <span class='ocrx_word' id='word_1_166' title='bbox 944 3620 1015 3670; x_wconf 88' lang='lat' dir='ltr'>enirn</span> <span class='ocrx_word' id='word_1_167' title='bbox 1027 3621 1140 3675; x_wconf 82' lang='lat' dir='ltr'>Romani</span> <span class='ocrx_word' id='word_1_168' title='bbox 1156 3627 1244 3678; x_wconf 70' lang='lat' dir='ltr'>navali</span> 
     </span>
     <span class='ocr_line' id='line_1_26' title="bbox 182 3696 1245 3768; baseline 0.003 -14"><span class='ocrx_word' id='word_1_169' title='bbox 182 3707 239 3756; x_wconf 79' lang='lat' dir='ltr'>cine</span> <span class='ocrx_word' id='word_1_170' title='bbox 249 3715 276 3755; x_wconf 90' lang='lat' dir='ltr'>et</span> <span class='ocrx_word' id='word_1_171' title='bbox 287 3701 557 3755; x_wconf 67' lang='lat' dir='ltr'>bunut-..emm</span> <span class='ocrx_word' id='word_1_172' title='bbox 566 3701 636 3768; x_wconf 77' lang='lat' dir='ltr'>capit</span> <span class='ocrx_word' id='word_1_173' title='bbox 647 3717 691 3748; x_wconf 80' lang='lat' dir='ltr'>er·</span> <span class='ocrx_word' id='word_1_174' title='bbox 734 3715 822 3768; x_wconf 84' lang='lat' dir='ltr'>pugne</span> <span class='ocrx_word' id='word_1_175' title='bbox 842 3696 875 3750; x_wconf 85' lang='lat' dir='ltr'>sd</span> <span class='ocrx_word' id='word_1_176' title='bbox 895 3699 1064 3768; x_wconf 78' lang='lat' dir='ltr'>AEgimurum</span> <span class='ocrx_word' id='word_1_177' title='bbox 1084 3701 1196 3756; x_wconf 85' lang='lat' dir='ltr'>insulem</span> <span class='ocrx_word' id='word_1_178' title='bbox 1218 3717 1245 3758; x_wconf 85' lang='lat' dir='ltr'>et</span> 
     </span>
     <span class='ocr_line' id='line_1_27' title="bbox 182 3776 1244 3855; baseline -0.007 -20"><span class='ocrx_word' id='word_1_179' title='bbox 182 3785 276 3834; x_wconf 75' lang='lat' dir='ltr'>ercitur‘·</span> <span class='ocrx_word' id='word_1_180' title='bbox 297 3780 451 3835; x_wconf 71' lang='lat' dir='ltr'>Carthaloni</span> <span class='ocrx_word' id='word_1_181' title='bbox 470 3777 600 3832; x_wconf 85' lang='lat' dir='ltr'>successit.</span> <span class='ocrx_word' id='word_1_182' title='bbox 620 3776 692 3830; x_wconf 88' lang='lat' dir='ltr'>Vide</span> <span class='ocrx_word' id='word_1_183' title='bbox 734 3777 835 3848; x_wconf 73' lang='lat' dir='ltr'>aliquot</span> <span class='ocrx_word' id='word_1_184' title='bbox 848 3777 1016 3831; x_wconf 77' lang='lat' dir='ltr'>terrestribus</span> <span class='ocrx_word' id='word_1_185' title='bbox 1027 3779 1124 3850; x_wconf 77' lang='lat' dir='ltr'>preliis</span> <span class='ocrx_word' id='word_1_186' title='bbox 1136 3801 1244 3855; x_wconf 84' lang='lat' dir='ltr'>supera.</span> 
     </span>
     <span class='ocr_line' id='line_1_28' title="bbox 184 3857 1244 3933; baseline -0.001 -19"><span class='ocrx_word' id='word_1_187' title='bbox 184 3860 433 3933; x_wconf 48' lang='lat' dir='ltr'>ronulas-so,</span> <span class='ocrx_word' id='word_1_188' title='bbox 443 3877 513 3912; x_wconf 86' lang='lat' dir='ltr'>enno</span> <span class='ocrx_word' id='word_1_189' title='bbox 522 3857 601 3928; x_wconf 85' lang='lat' dir='ltr'>hujus</span> <span class='ocrx_word' id='word_1_190' title='bbox 610 3857 692 3929; x_wconf 92' lang='lat' dir='ltr'>primi</span> <span class='ocrx_word' id='word_1_191' title='bbox 733 3857 843 3922; x_wconf 80' lang='lat' dir='ltr'>verant,</span> <span class='ocrx_word' id='word_1_192' title='bbox 858 3859 938 3910; x_wconf 87' lang='lat' dir='ltr'>urbes</span> <span class='ocrx_word' id='word_1_193' title='bbox 948 3858 1044 3912; x_wconf 81' lang='lat' dir='ltr'>multas</span> <span class='ocrx_word' id='word_1_194' title='bbox 1061 3876 1200 3929; x_wconf 81' lang='lat' dir='ltr'>ceperant,</span> <span class='ocrx_word' id='word_1_195' title='bbox 1217 3877 1244 3918; x_wconf 81' lang='lat' dir='ltr'>et</span> 
     </span>
     <span class='ocr_line' id='line_1_29' title="bbox 183 3934 1244 4009; baseline 0.003 -15"><span class='ocrx_word' id='word_1_196' title='bbox 183 3941 247 3994; x_wconf 84' lang='lat' dir='ltr'>belli</span> <span class='ocrx_word' id='word_1_197' title='bbox 265 3941 360 3994; x_wconf 85' lang='lat' dir='ltr'>Punici</span> <span class='ocrx_word' id='word_1_198' title='bbox 385 3939 490 3993; x_wconf 85' lang='lat' dir='ltr'>XVIII.</span> <span class='ocrx_word' id='word_1_199' title='bbox 514 3939 605 4009; x_wconf 85' lang='lat' dir='ltr'>ipsum</span> <span class='ocrx_word' id='word_1_200' title='bbox 627 3955 692 3989; x_wconf 77' lang='lat' dir='ltr'>sero</span> <span class='ocrx_word' id='word_1_201' title='bbox 735 3954 856 4007; x_wconf 79' lang='lat' dir='ltr'>magnnn</span> <span class='ocrx_word' id='word_1_202' title='bbox 884 3934 1001 4008; x_wconf 68' lang='lat' dir='ltr'>predam</span> <span class='ocrx_word' id='word_1_203' title='bbox 1025 3939 1149 3993; x_wconf 78' lang='lat' dir='ltr'>fecerant.</span> <span class='ocrx_word' id='word_1_204' title='bbox 1172 3942 1244 3998; x_wconf 88' lang='lat' dir='ltr'>Vide</span> 
     </span>
     <span class='ocr_line' id='line_1_30' title="bbox 183 4014 1246 4091; baseline -0.004 -17"><span class='ocrx_word' id='word_1_205' title='bbox 183 4019 283 4074; x_wconf 82' lang='lat' dir='ltr'>bellum</span> <span class='ocrx_word' id='word_1_206' title='bbox 297 4034 350 4074; x_wconf 86' lang='lat' dir='ltr'>tres</span> <span class='ocrx_word' id='word_1_207' title='bbox 364 4032 391 4073; x_wconf 90' lang='lat' dir='ltr'>et</span> <span class='ocrx_word' id='word_1_208' title='bbox 403 4019 497 4091; x_wconf 75' lang='lat' dir='ltr'>viginti</span> <span class='ocrx_word' id='word_1_209' title='bbox 513 4036 594 4070; x_wconf 75' lang='lat' dir='ltr'>annos</span> <span class='ocrx_word' id='word_1_210' title='bbox 611 4015 692 4069; x_wconf 81' lang='lat' dir='ltr'>dura·</span> <span class='ocrx_word' id='word_1_211' title='bbox 735 4029 854 4070; x_wconf 74' lang='lat' dir='ltr'>suctores</span> <span class='ocrx_word' id='word_1_212' title='bbox 877 4035 957 4087; x_wconf 82' lang='lat' dir='ltr'>supra</span> <span class='ocrx_word' id='word_1_213' title='bbox 987 4014 1124 4084; x_wconf 83' lang='lat' dir='ltr'>laudatos,</span> <span class='ocrx_word' id='word_1_214' title='bbox 1186 4022 1246 4076; x_wconf 70' lang='lat' dir='ltr'>‘us</span> 
     </span>
     <span class='ocr_line' id='line_1_31' title="bbox 183 4093 1244 4173; baseline 0.001 -21"><span class='ocrx_word' id='word_1_215' title='bbox 183 4100 347 4173; x_wconf 79' lang='lat' dir='ltr'>vit,quipps</span> <span class='ocrx_word' id='word_1_216' title='bbox 363 4098 438 4172; x_wconf 83' lang='lat' dir='ltr'>quod</span> <span class='ocrx_word' id='word_1_217' title='bbox 455 4117 525 4154; x_wconf 84' lang='lat' dir='ltr'>enno</span> <span class='ocrx_word' id='word_1_218' title='bbox 540 4097 615 4152; x_wconf 81' lang='lat' dir='ltr'>urbis</span> <span class='ocrx_word' id='word_1_219' title='bbox 628 4115 692 4150; x_wconf 83' lang='lat' dir='ltr'>oon·</span> <span class='ocrx_word' id='word_1_220' title='bbox 736 4095 804 4153; x_wconf 66' lang='lat' dir='ltr'>adde</span> <span class='ocrx_word' id='word_1_221' title='bbox 824 4093 936 4150; x_wconf 87' lang='lat' dir='ltr'>Diodor.</span> <span class='ocrx_word' id='word_1_222' title='bbox 952 4097 1062 4164; x_wconf 68' lang='lat' dir='ltr'>mm</span> <span class='ocrx_word' id='word_1_223' title='bbox 1080 4099 1148 4154; x_wconf 86' lang='lat' dir='ltr'>Eutr</span> <span class='ocrx_word' id='word_1_224' title='bbox 1185 4103 1244 4160; x_wconf 89' lang='grc' dir='ltr'><strong>.ΙΙ.</strong></span> 
     </span>
    </p>
   </div>
   <div class='ocr_carea' id='block_1_11' title="bbox 0 0 1661 5150">
    <p class='ocr_par' dir='ltr' id='par_1_11' title="bbox 0 0 1661 5150">
     <span class='ocr_line' id='line_1_32' title="bbox 0 0 1661 5150; baseline 0 0"><span class='ocrx_word' id='word_1_225' title='bbox 0 0 1661 5150; x_wconf 95' lang='lat' dir='ltr'> </span> 
     </span>
    </p>
   </div>
  </div>
 </body>
</html>
