3282 5156
375 473 447 546 332
542 469 769 542 JOANNIS
798 473 951 540 HENll.
979 471 1260 542 SCHLEGEL

413 603 541 658 tuemini.
555 603 605 669 1v,
621 622 635 656 s
650 619 657 654 :
671 603 747 672 eujus
758 601 844 668 saraa,
863 598 934 654 Edit.
950 601 981 652 P.
998 613 1024 654 et
1037 601 1066 654 B.
1075 602 1192 672 stum,
1208 601 1241 654 C.
1252 599 1306 652 Tb.

413 683 524 738 Pausan.
538 681 588 746 IV,
603 699 634 735 s:
648 681 752 734 vincula
766 680 882 752 epistole
897 681 1022 740 henou
1036 681 1068 733 Ε.
1082 681 1112 734 B.
1126 681 1232 741 huvil,
1248 679 1323 732 M.
1339 679 1433 732 chb.

413 762 498 816 Alcib.
510 761 549 824 11,
565 779 596 814 s:
611 760 710 814 Graue
721 759 816 830 linque
830 759 978 831 eloquentia
987 759 1142 818 ditissimam,
1156 760 1189 814 Ε.
1199 757 1434 818 namnum,

375 843 407 896 E·
416 842 525 992 liphiirc
531 839 606 984 1qu
620 938 627 971 :
639 915 829 990 Epaminonda
844 915 988 970 retardarit
1002 923 1119 989 inceptus,
1133 919 1164 970 E.
1181 917 1211 970 B.
1225 921 1335 988 inpetus,
1349 917 1385 970 lt.
1403 917 1438 970 Ρ.

377 1013 404 1054 ‘l
412 998 541 1138 (loricilo
552 1077 781 1148 ,lectionea,qnas
794 1077 886 1130 Bosiua
894 1077 1011 1148 recepit,
1026 1095 1103 1150 posse
1113 1073 1231 1138 defendi,
1243 1077 1342 1129 muniri
1355 1077 1437 1128 &aaa

377 1155 498 1212 codicum
514 1155 689 1228 quorumdam
706 1157 877 1222 auctoritatet
891 1155 938 1210 sed
959 1155 1053 1222 medo,
1075 1173 1131 1220 eas,
1151 1173 1216 1226 quas
1231 1167 1339 1208 tenuem
1351 1153 1436 1208 editio

376 1237 514 1310 princeps,
526 1247 565 1300 et,
576 1247 673 1307 prator
686 1236 763 1301 alios,
779 1233 861 1294 oodex
873 1235 1045 1299 Thottianus,
1053 1234 1135 1305 magis
1148 1251 1202 1288 esse
1217 1235 1372 1306 probabiles.

417 1317 485 1370 Milt.
498 1315 535 1380 V,
549 1316 579 1378 3,
594 1316 706 1386 legitur,
720 1313 791 1367 utin
803 1313 918 1368 editione
931 1315 1054 1380 Busiana,
1068 1316 1104 1368 sio
1117 1315 1195 1366 etiam
1209 1315 1237 1366 in
1252 1313 1296 1367 ed.
1307 1313 1395 1368 Princ.
1410 1325 1438 1366 et

378 1395 469 1450 oodice
483 1394 628 1448 Tbottiano
643 1413 650 1447 :
678 1420 689 1442 ι
702 1395 822 1466 Namque
833 1396 938 1448 arbores
950 1395 1040 1448 multis
1051 1393 1116 1446 locis
1127 1405 1203 1446 eram
1215 1413 1291 1454 rare,
1305 1393 1356 1446 bou
1370 1409 1437 1446 oon·

383 1503 394 1524 ι
406 1475 478 1539 silio,
493 1488 525 1527 ut
537 1485 564 1527 et
572 1474 703 1526 montium
711 1486 859 1544 tegerentur
866 1472 1020 1538 altitudine,
1032 1487 1059 1526 et
1070 1473 1195 1526 arborum
1208 1485 1293 1526 traotu
1305 1475 1438 1544 equitatus

382 1553 520 1607 ·hostium
544 1551 748 1624 impediretur·
772 1552 896 1606 Eamdem
914 1553 1054 1606 lectionem
1074 1550 1173 1622 rooepit
1194 1565 1221 1605 et
1241 1553 1310 1604 meri
1331 1550 1439 1605 videtur

378 1632 531 1686 Lambinus.
552 1632 731 1685 Nihilominus
745 1651 805 1686 cum
821 1631 940 1686 Harlesio
953 1646 980 1685 et
997 1632 1053 1684 aliis
1065 1629 1258 1703 preterendum
1273 1629 1354 1685 suedo
1365 1649 1437 1684 mse:

379 1713 494 1766 Arbores
511 1711 600 1764 inultis
619 1711 684 1764 locis
704 1723 777 1764 eram
790 1724 886 1774 route,
909 1730 988 1783 quam
1002 1729 1094 1764 vooem
1112 1711 1211 1781 expetit
1226 1711 1320 1783 etipse
1331 1729 1437 1775 sensus,

379 1805 407 1846 et
420 1789 448 1844 id
461 1789 534 1862 quod
552 1789 691 1861 sequitur:
710 1791 844 1844 Arborum
864 1804 948 1844 tractu
967 1791 1098 1863 equitatus
1119 1789 1236 1844 boatium
1254 1789 1437 1862 impediretur.

343 1891 349 1898 ·
381 1875 478 1942 Aperte
490 1869 561 1922 enim
573 1869 692 1941 loquitur
706 1882 797 1922 auctor
810 1867 845 1924 de
858 1870 984 1934 oonsilio,
1001 1867 1075 1942 quod
1087 1881 1126 1923 eat
1145 1869 1173 1922 in
1186 1887 1216 1922 re
1229 1869 1338 1924 militari
1356 1870 1438 1922 usita-

382 1949 525 2014 tissimum,
548 1960 575 2000 et
587 1946 659 2020 quod
673 1950 769 2002 nostris
783 1946 882 2003 dicitur
895 1949 1013 2002 Vertat

421 2028 507 2081 Locus
521 2041 628 2082 vexatus
643 2027 671 2080 in
686 2029 740 2082 vita
754 2029 849 2091 Attici,
861 2029 928 2093 XII,
939 2029 970 2094 3,
985 2040 1016 2082 ut
1031 2047 1062 2082 ex
1078 2026 1194 2082 editione
1206 2028 1318 2096 lloeiaua
1330 2027 1434 2082 editur:

387 2134 398 2156 ι
407 2107 474 2160 Nam
487 2125 568 2178 quum
583 2108 613 2160 L.
624 2107 721 2160 Saufeii
730 2145 738 2174 ,
747 2108 842 2179 equitis
855 2109 981 2173 Romani,
993 2107 1098 2179 equalis
1111 2108 1168 2171 sui,
1181 2108 1228 2178 qui
1243 2125 1305 2160 oum
1318 2127 1350 2160 eo
1363 2125 1436 2160 oons-

386 2212 397 2234 ι
408 2187 496 2258 plures
512 2205 610 2252 annor,
629 2185 719 2240 studio
737 2185 832 2240 ductus
844 2187 1029 2260 philosophie,
1057 2185 1209 2252 habitabat,
1227 2186 1391 2258 habebatque
1406 2188 1436 2240 in

386 2265 824 2338 -ltaliapretiossspossessiones,·
847 2266 987 2338 explicitus
996 2264 1118 2320 redditur
1129 2267 1242 2320 lectione
1248 2267 1435 2320 Lambiniana:

382 2345 435 2411 Qui
450 2345 598 2418 complures
618 2365 716 2404 annos,
735 2344 823 2399 studio
846 2344 940 2400 ductus
961 2345 1150 2418 philosophie,
1169 2347 1271 2398 Athesis
1293 2345 1436 2400 habitabat.

384 2424 537 2478 Notandum
550 2425 621 2478 enim
634 2438 688 2489 est,
707 2443 785 2478 tooes
800 2445 851 2478 cura
864 2445 892 2478 eo
902 2437 947 2478 aut
956 2445 985 2480 eo
997 2444 1052 2478 non
1067 2425 1181 2478 inveniti
1192 2426 1220 2478 iu
1237 2422 1372 2478 codicibus
1383 2426 1438 2496 pri·

382 2503 482 2575 suisque
501 2503 645 2576 impressis,
666 2503 712 2558 sed
729 2503 841 2576 adjectas
864 2523 918 2558 esse
938 2524 954 2557 e
977 2505 1140 2576 oonjeotnre,
1156 2516 1187 2558 ut
1205 2503 1320 2575 aliquem
1332 2523 1435 2557 mrum

382 2584 543 2654 praeberent,
558 2584 638 2638 relata
660 2582 694 2637 ad
714 2584 847 2638 habitabat.
875 2581 928 2637 Sed
944 2585 1022 2656 longe
1041 2584 1137 2638 clarior
1155 2597 1195 2637 eat
1215 2601 1317 2647 seusus,
1340 2583 1436 2637 omisso

383 2681 434 2714 cum
449 2683 488 2720 eo.
510 2661 611 2734 adjecto
627 2662 738 2716 Artena.
760 2665 822 2716 Non
831 2663 881 2716 niti
893 2665 961 2718 hano
973 2663 1113 2717 lectionem
1122 2663 1268 2716 mutatione
1280 2681 1313 2716 ex
1326 2663 1436 2716 arbitrio

383 2741 505 2796 Lambini
521 2743 601 2808 laeta,
627 2741 673 2796 sed
694 2741 747 2796 lide
765 2740 864 2796 codicis
882 2743 999 2814 antiqui,
1016 2741 1109 2799 docuit
1128 2743 1154 2795 J.
1168 2743 1198 2796 F.
1212 2743 1389 2814 Heusingeaus
1408 2743 1435 2794 in

384 2819 581 2886 dissertatione,
593 2840 651 2894 qun
663 2820 775 2874 editioni
786 2821 958 2878 Fiscberianas
967 2821 1067 2894 adjecta
1076 2834 1124 2876 est.
1138 2823 1214 2894 Leqit
1224 2822 1295 2876 enim
1310 2821 1347 2874 ita
1357 2819 1437 2874 editio

386 2898 548 2964 Camerinan,
562 2903 636 2972 cujus
649 2921 727 2973 supra
743 2901 904 2956 mentionem
917 2902 976 2956 leci.

424 2981 501 3032 VIII.
521 2981 568 3034 Est
579 2980 645 3034 boni
659 2982 886 3046 commentatoris,
899 2983 1037 3036 observare
1051 2982 1124 3034 looos
1134 2992 1285 3046 auctorum,
1299 2981 1327 3034 in
1341 2981 1437 3053 quibus

383 3058 424 3110 usi
439 3071 501 3112 suut
514 3079 579 3112 soce
596 3059 728 3131 quadam,
746 3061 936 3133 significatione
954 3061 1080 3133 peoulimi
1100 3072 1145 3114 ant
1163 3061 1251 3114 minus
1264 3061 1348 3114 solita.
1370 3062 1437 3114 Tum

384 3139 455 3190 enim
468 3136 617 3192 eruditione
632 3157 678 3192 sua
695 3158 774 3211 opem
792 3141 862 3194 ferre
875 3139 954 3194 debet
966 3140 1073 3204 leotori,
1086 3159 1142 3193 non
1155 3152 1185 3194 ut
1194 3139 1253 3192 fieri
1267 3140 1334 3193 solet
1344 3141 1372 3192 iu
1387 3139 1438 3192 illia

385 3217 463 3282 locis,
478 3236 544 3288 quos
557 3231 645 3272 mente
659 3218 693 3272 ad
705 3237 762 3272 rens
775 3231 874 3274 attenta
885 3217 1072 3274 etsevolvendo
1087 3219 1172 3274 lerioo
1185 3219 1272 3291 quiris
1284 3218 1360 3274 iaoile
1371 3236 1437 3272 asse-

386 3296 484 3367 quitur.
501 3295 650 3367 Adjungam
664 3301 759 3367 atejus
770 3299 872 3368 generis
886 3300 1088 3352 observationes.

425 3375 518 3447 Epam.
535 3375 616 3440 vm,
632 3397 662 3440 a,
675 3377 792 3448 legitur:
809 3379 847 3432 Ut
862 3378 889 3431 in
902 3379 1008 3449 periculo
1026 3397 1073 3432 suo
1088 3378 1242 3432 seriberent
1258 3377 1333 3430 Hane
1347 3395 1437 3430 rooem

385 3467 537 3527 corruptam
561 3453 732 3510 crediderunt
749 3455 863 3512 editores
882 3459 1043 3529 complures,
1062 3475 1145 3528 quum
1166 3477 1215 3529 per
1228 3469 1380 3510 oontexturn
1406 3453 1439 3508 de

385 3535 465 3606 cippo
483 3534 558 3606 loqui
572 3532 669 3588 debere
683 3536 891 3608 Epaminondam
904 3549 1035 3608 putarent.
1056 3535 1149 3590 Edidit
1165 3535 1248 3590 Aldus
1268 3537 1387 3606 epulcro,
1411 3547 1438 3588 ut

385 3613 447 3668 alias
465 3615 553 3668 minus
568 3613 655 3668 felices
672 3618 834 3687 conjecturas
849 3629 956 3670 taceam.
970 3615 1021 3668 Sed
1033 3629 1183 3670 constanter
1198 3628 1288 3670 tenesrt
1301 3615 1438 3670 lectionem

384 3695 491 3763 periculo
500 3692 617 3759 codices,
633 3696 731 3766 quibus
741 3709 768 3750 et
783 3693 995 3750 annumerandus
1008 3709 1048 3750 est
1058 3695 1224 3750 'lbottiaaua
1249 3692 1375 3748 Defendit
1384 3711 1438 3746 eam

387 3774 469 3826 inulta
486 3772 637 3828 eruditione
657 3775 764 3840 Rosius,
784 3775 830 3828 sed
849 3788 921 3828 tanta
943 3775 1110 3846 prolixitate,
1130 3788 1160 3828 ut
1174 3775 1309 3828 annotatio
1324 3772 1438 3827 dissoeta-

387 3852 466 3906 tionis
484 3853 597 3924 speciem
617 3855 721 3908 referat.
751 3855 887 3908 Concinne
908 3854 1005 3926 magis,
1027 3871 1086 3924 que
1111 3853 1144 3908 ad
1168 3873 1224 3908 rem
1247 3851 1439 3925 intellignsdam

386 3930 501 3998 faciunt,
515 3933 620 4004 oolleqit
636 3933 769 3988 Gesnerus
781 3934 810 3986 in
823 3934 959 3988 Thesauro
972 3933 1067 4004 linque
1083 3935 1215 3988 Romano.
1239 3935 1271 3986 In
1291 3929 1439 4004 explicanda

387 4009 578 4079 significatione
595 4013 628 4064 ab
642 4032 690 4066 usu
703 4013 838 4066 communi
854 4012 938 4065 aliena
948 4009 1016 4066 nibil
1033 4025 1072 4066 est
1085 4013 1191 4078 utilius,
1208 4031 1289 4084 quam
1298 4023 1441 4064 monstrare

387 4107 554 4160 progressum
567 4089 752 4146 translationis.
765 4092 908 4146 Notissima
924 4105 962 4146 est
973 4093 1018 4146 illa
1029 4093 1131 4164 perr'erdi
1144 4091 1299 4164 signifieatio
1312 4103 1439 4152 taem,
