3200 5120
411 443 485 580 cxli
774 505 1112 576 TESTIMONIA

408 637 673 736 Epaminondam
689 652 723 707 et
736 636 924 734 Pelopidam
938 663 947 728 ;
961 664 1001 708 er
1019 639 1245 733 Syracusanis,
1266 643 1323 736 qui
1340 659 1434 714 erant
1448 671 1467 715 a

409 746 589 819 Corinthiis
601 746 682 832 orti,
696 747 840 815 Dionem
854 771 864 830 ;
881 771 922 815 ex
933 746 1011 842 ipsis
1025 745 1224 834 Corinthiis,
1239 749 1297 842 qui
1310 752 1465 822 maximas

407 879 460 925 res
477 853 646 946 Syracusis
663 853 778 945 gessit,
793 849 1032 921 Timoleontem
1047 875 1108 940 ;ex
1123 853 1354 924 semibarbaris
1371 847 1465 942 (nam

406 960 632 1030 Chersonesus
647 959 789 1027 Thracia
802 960 939 1029 Graeciae
955 958 1058 1029 ferme
1072 953 1373 1049 annumerabatur)
1385 965 1464 1032 Car·

406 1064 541 1135 dianum
550 1067 733 1134 Eumenem
749 1089 810 1133 :ac
825 1079 1000 1160 postquam
1017 1066 1070 1134 hic
1086 1064 1303 1136 admonuerat
1321 1069 1466 1164 Regum,

405 1196 548 1267 quorum
558 1173 872 1266 commemoratione
882 1185 1039 1267 tanquam
1051 1171 1153 1241 limite
1162 1173 1333 1260 utebatur,
1348 1199 1389 1243 ex
1398 1175 1467 1244 bar·

405 1278 492 1348 baris
507 1279 576 1372 jam
593 1279 761 1348 arcessivit
776 1277 1065 1372 Carthaginienses
1084 1277 1305 1348 Hamilcarem
1323 1295 1356 1349 et
1375 1283 1464 1350 llan-

405 1383 565 1470 nibalem‚
586 1408 624 1454 ae
639 1397 711 1452 tum
731 1383 871 1477 denique
892 1398 1041 1454 extremo
1061 1383 1135 1456 loco
1153 1387 1329 1456 Datamem
1344 1388 1464 1457 Canem

406 1491 534 1584 adjecit.
549 1489 756 1584 Singularem
774 1513 854 1585 ergo
870 1490 1063 1584 quemdam,
1076 1506 1115 1562 ut,
1134 1492 1212 1561 hine
1233 1506 1343 1588 patet,
1359 1492 1466 1564 delec-

407 1587 477 1665 tum
503 1597 617 1691 Nepos
637 1595 762 1665 babuit
789 1598 868 1668 Non
889 1598 976 1668 enim
1002 1623 1117 1668 omnes
1144 1597 1279 1670 volebat
1304 1598 1466 1695 explicare

405 1703 639 1797 imperatores,
654 1701 730 1790 sed,
751 1718 789 1772 ut
805 1705 876 1800 ipse
893 1705 959 1792 ait,
979 1707 1192 1776 excellentes.

824 1907 1049 1994 ιιοιιιιι,

584 2103 675 2152 ursr.
703 2103 901 2169 ιιιοιιιιιιιι,
928 2105 998 2151 mv.
1026 2103 1145 2169 xxvii,
1173 2103 1229 2152 crs.
1260 2107 1292 2152 a.

462 2303 480 2340 ιι
506 2275 575 2344 Son
597 2271 678 2368 style
694 2263 765 2360 (de
785 2275 885 2343 Com.
905 2269 1019 2367 Ne‘pos
1034 2264 1049 2362 )
1067 2287 1118 2342 est
1137 2299 1218 2392 pur,
1235 2287 1292 2342 net
1298 2273 1463 2372 ,elegant

405 2383 454 2452 La
472 2378 667 2502 simplicite,
685 2379 742 2474 qui
760 2403 805 2448 en
820 2379 879 2448 fait
899 2403 946 2447 un
963 2377 1022 2448 des
1039 2379 1234 2476 principaux
1258 2385 1466 2472 caracteres,

405 2501 455 2559 est
471 2486 575 2558 melec
594 2471 694 2555 d'une
728 2485 852 2580 grande
874 2484 1082 2576 de'licatessc,
1101 2501 1135 2556 et
1152 2485 1279 2556 relevde
1301 2488 1343 2558 de
1360 2491 1465 2584 iemps

405 2619 447 2664 en
465 2609 572 2688 temps
593 2592 731 2687 pardos
752 2591 890 2688 pense'es
911 2591 1025 2661 nobles
1041 2606 1074 2661 et
1095 2591 1222 2663 solides
1246 2595 1331 2663 Mais
1353 2621 1394 2666 ce
1411 2596 1465 2690 qui
1507 2677 1511 2688 .

405 2725 458 2770 me
476 2697 584 2796 parolt
602 2699 643 2769 de
663 2699 738 2794 plus
756 2697 925 2770 estimable
942 2698 1024 2768 dans
1038 2713 1091 2767 cet
1110 2715 1243 2788 auteur,
1255 2714 1305 2769 est
1324 2727 1372 2770 ιιιι
1385 2701 1465 2798 gout

404 2807 541 2904 maique
560 2832 646 2902 pour
659 2805 706 2876 les
721 2805 843 2900 grands
861 2806 1031 2928 principes
1043 2803 1244 2895 d'honneur,
1260 2808 1302 2876 de
1318 2832 1359 2903 pr
1361 2807 1465 2890 obite,

403 2913 445 2983 de
466 2929 581 3001 vertu,
601 2914 642 2982 de
655 2911 978 3000 desintdressement,
999 2896 1150 2981 d’amour
1171 2912 1217 2981 du
1242 2913 1316 2982 bien
1330 2913 1464 3042 public,

403 3045 449 3116 qu
450 3005 483 3089 'il
496 2968 620 3090 semble
631 3019 725 3087 avoir
737 3017 864 3088 dessein
879 3003 922 3087 d
914 3043 1059 3089 rnsmuer
1073 3018 1155 3090 dans
1168 3033 1242 3089 tous
1254 3044 1305 3090 ses
1320 3021 1461 3091 ecrite.»

838 3227 1038 3318 Minor,

370 3459 375 3470 .
467 3415 514 3474 on
544 3427 590 3473 ιι
622 3407 783 3473 marmur
815 3387 977 3471 u’rlcmne
1009 3387 1231 3490 n'msrornr,
1263 3425 1401 3475 secono

827 3531 1037 3579 ruraerrnu.

459 3745 476 3783 ι
492 3715 548 3785 Οιι
563 3711 638 3784 loue
651 3709 681 3780 le
694 3710 775 3804 style
786 3710 828 3780 de
839 3709 1013 3782 Cornelius
1026 3709 1156 3806 Ne'pos;
1164 3737 1209 3781 on
1223 3727 1340 3780 trouve
1355 3713 1463 3782 meme

399 3849 443 3893 en
465 3821 512 3892 lui
531 3818 671 3917 quelque
689 3817 798 3912 le'gbre
818 3815 966 3888 duncellc
988 3816 1029 3885 de
1055 3842 1092 3887 ce
1114 3817 1207 3914 genie
1229 3817 1384 3914 polirique
1402 3820 1461 3916 qui

395 3931 480 4002 droit
492 3953 612 4000 encore
623 3950 781 4028 commun
793 3923 813 3994 a
825 3925 947 4014 Rome,
960 3923 1043 3992 dans
1054 3950 1100 3994 un
1115 3941 1263 3996 moment
1276 3941 1406 3996 surtout
1416 3925 1460 3996 oli

399 4024 468 4160 1’911
480 4039 592 4132 royoit
603 4061 617 4105 s
619 4013 779 4104 ’ecrouler
791 4055 858 4100 une
872 4029 1066 4127 re'publique
1079 4017 1133 4127 qu'
1136 4058 1180 4102 on
1194 4035 1364 4128 regrettoit
1377 4035 1403 4102 si
1416 4057 1461 4100 on

401 4165 425 4210 n
424 4129 516 4214 'e'toit
529 4168 588 4238 pas
604 4167 624 4212 a
628 4139 752 4236 porte'e
770 4139 811 4214 de
830 4125 967 4212 s’e'lever
985 4163 1042 4212 sur
1059 4164 1111 4212 ses
1128 4142 1245 4210 ruinas.
1267 4138 1461 4234 Cependant
