3282 5156
409 519 483 608 ³40
577 518 805 588 JOANMS
832 517 992 586 unus.
1019 513 1302 585 sennense

404 663 538 722 ceperant
551 646 695 720 cupiditate
713 646 818 700 Grecas
832 646 932 698 litteras
949 641 1109 697 addiscendi.
1130 645 1224 697 Dicere
1244 645 1300 698 hec
1311 646 1399 698 omnia
1421 667 1471 702 rm

399 742 471 801 puto
485 726 626 782 excusandi
641 727 729 799 potius
739 725 856 780 Cornelii
869 724 965 796 gratia,
983 741 1062 794 qnam
1069 722 1215 777 incusandi.
1225 723 1346 778 llausisse
1356 724 1468 780 ridetur

405 827 451 862 sua
466 808 556 860 omnia
576 807 603 859 in
616 807 678 859 vitis
694 803 840 870 Miltiadis,
860 803 1062 868 Themistoclis,
1080 801 1202 856 Aristidis
1219 815 1246 856 et
1266 804 1415 870 Pausania,
1437 807 1467 858 in

404 889 501 960 quibus
516 884 653 939 Herodoto
667 885 708 938 nti
726 885 866 957 potuisset,
882 901 897 936 e
911 883 1083 955 scriptoribus
1092 883 1168 935 nobis
1180 883 1333 954 incognitis,
1353 883 1417 950 sed,
1435 899 1468 939 nt

404 965 500 1032 credo,
520 977 595 1018 astate
610 982 683 1035 eque
698 981 728 1016 ao
741 961 795 1016 lide
809 962 956 1016 minoribns
973 960 1119 1014 Herodoto.
1137 961 1180 1028 si,
1206 963 1278 1032 gravi
1291 963 1342 1016 hoc
1355 977 1467 1016 auctore

403 1047 487 1111 lecto,
507 1046 591 1099 sciens
610 1045 643 1097 ab
663 1061 696 1096 eo
711 1041 889 1107 dissensisset,
910 1039 982 1094 hand
997 1041 1085 1094 miuus
1102 1039 1242 1094 iudicasset
1253 1041 1410 1106 dbeemum,
1434 1063 1467 1097 ae

403 1127 501 1179 iactum
522 1122 643 1178 ridemus
665 1123 694 1176 in
709 1121 763 1174 rita
782 1121 982 1186 Themistoclis,
1004 1120 1050 1172 ubi
1069 1118 1103 1172 de
1124 1122 1180 1191 ejus
1200 1121 1226 1172 in
1252 1120 1342 1174 Persas
1365 1121 1467 1176 itinere

402 1206 530 1277 loquens,
544 1204 581 1256 ait
595 1221 622 1255 se
634 1202 724 1273 plures
737 1213 856 1254 auctores
867 1201 972 1272 legisse,
991 1198 1039 1252 sed
1053 1197 1161 1253 credere
1170 1200 1337 1271 potissimum
1354 1201 1467 1274 Thucy·

399 1283 477 1347 didi,
496 1281 570 1356 quod
585 1295 659 1336 aetate
676 1281 811 1353 proximus
826 1291 890 1332 erat.

397 1361 399 1367 ’
443 1365 492 1416 ΙΠ.
513 1359 602 1417 Credo
619 1361 722 1432 itaque,
738 1361 892 1414 Cornelium
905 1359 1018 1411 multum
1032 1377 1130 1412 errasse
1144 1359 1173 1412 in
1195 1360 1249 1412 vita
1260 1358 1386 1413 Miltiadis
1398 1379 1465 1414 oon·

399 1441 553 1507 scribenda,
569 1460 652 1512 quum
667 1451 785 1494 auctores
802 1439 908 1492 Grecos
922 1451 1025 1491 secutus
1039 1438 1074 1490 sit
1091 1439 1179 1491 minus
1194 1439 1357 1510 perspicuos,
1380 1440 1465 1512 longo

403 1523 471 1576 sorte
483 1534 544 1593 post
557 1518 683 1573 Miltiadis
699 1532 800 1572 atatem
814 1531 933 1590 tempore
945 1516 1076 1570 florentes.
1089 1518 1174 1571 Tanta
1186 1531 1225 1571 est
1233 1519 1260 1570 in
1272 1517 1398 1571 Miltiadis
1405 1521 1464 1572 rita

402 1599 531 1655 tradenda
546 1598 698 1664 diversitas,
718 1598 740 1650 si
751 1598 904 1650 Cornelium
919 1615 1071 1668 comparare
1085 1598 1151 1649 velis
1168 1615 1227 1649 cnm
1240 1597 1285 1660 iis,
1305 1616 1363 1668 que
1372 1599 1462 1651 liero-

402 1679 493 1742 dotus,
507 1679 576 1732 1.1v
592 1691 619 1731 et
631 1679 685 1742 Vl,
700 1677 835 1748 exposuit,
844 1690 874 1729 ut
886 1677 928 1729 rel
940 1676 996 1728 heo
1009 1675 1063 1728 sola
1077 1673 1227 1747 disquisitio
1241 1677 1352 1748 amplam
1367 1676 1465 1731 disar-

403 1761 496 1813 tationi
508 1759 644 1812 materiam
659 1757 777 1828 praehere
793 1756 884 1826 possit.
905 1754 957 1808 Sed
970 1756 1028 1827 quis
1041 1756 1165 1826 preferre
1182 1753 1313 1808 dubitabit
1335 1756 1465 1810 Cornelio

402 1837 582 1900 Herodotum,
596 1837 642 1907 qni
657 1853 758 1888 coaevus
774 1847 830 1888 erat
847 1835 967 1900 Cimoni,
981 1833 1109 1888 Miltiadis
1127 1833 1199 1914 filio,
1213 1836 1274 1906 qui,
1287 1835 1464 1891 Halicarnassi

402 1915 574 1982 natus,nnllo
583 1916 716 1968 ferebatur
725 1915 754 1966 in
766 1915 879 1985 aliquam
890 1913 999 1966 Grecie
1010 1914 1142 1968 civitatem
1156 1926 1200 1966 aut
1210 1914 1334 1968 familiam
1344 1917 1463 1987 partium

402 1994 506 2060 studio,
527 1994 588 2065 qui.
609 2012 668 2065 quse
679 2011 740 2046 vers
751 2005 854 2058 essmt,
875 1993 999 2046 sciscitari
1012 2005 1040 2046 et
1052 2004 1155 2064 poterat
1167 2005 1193 2046 et
1207 1994 1327 2063 volebat,
1346 1997 1392 2067 qni
1401 2011 1461 2050 erat

402 2074 565 2147 integerrimi
579 2073 661 2127 animi
678 2073 807 2144 multique
824 2069 934 2144 judicii,
948 2073 996 2144 qni
1017 2070 1145 2144 denique,
1172 2071 1294 2128 audiente
1308 2086 1334 2127 et
1349 2078 1462 2148 applan-

402 2153 482 2208 dente
495 2167 550 2208 tota
564 2153 682 2218 Gracia,
703 2153 820 2223 prelegit
839 2151 975 2206 historiam
986 2170 1076 2206 rerum
1088 2153 1116 2205 in
1134 2154 1260 2206 memoria
1277 2155 1375 2208 recenti
1400 2174 1462 2210 rer-

401 2233 531 2288 santium?

441 2315 490 2368 IV.
511 2315 670 2368 Luculenter
684 2312 776 2366 docuit
789 2285 958 2382 llerodotus,
971 2315 1106 2367 Miltiadem
1116 2354 1124 2380 ,
1136 2315 1254 2368 Cimonis
1265 2315 1366 2378 fllium,
1380 2317 1456 2386 cujus

401 2395 482 2448 vitam
503 2395 643 2448 Cornelius
660 2393 797 2464 exposuit,
817 2412 872 2446 nou
894 2393 995 2447 venisse
1010 2395 1037 2447 in
1058 2393 1270 2459 Chersonesum,
1284 2407 1313 2446 ut
1328 2395 1458 2447 coloniam

401 2473 602 2526 Atheniensium
617 2471 774 2538 deduceret,
793 2471 841 2526 sed
854 2486 884 2526 ut
897 2491 1009 2544 reguum
1021 2486 1166 2545 capesseret
1181 2475 1209 2526 in
1224 2474 1361 2537 Doloncis,
1377 2474 1460 2527 Cher·

401 2553 488 2606 aonesi
499 2552 634 2604 'llnacicu
646 2552 753 2615 incolis,
763 2550 930 2606 hereditario
937 2555 1010 2624 quasi
1021 2555 1096 2624 jure,
1105 2565 1132 2606 et
1144 2554 1320 2606 annuentibus
1331 2553 1459 2606 Pisistrati

401 2632 476 2696 filiis,
489 2632 535 2702 qui
546 2643 603 2683 tum
614 2631 724 2684 Athenis
735 2628 949 2684 dominabantur.
959 2633 975 2684 J
977 2649 1018 2684 am
1029 2633 1100 2685 enim
1113 2632 1240 2686 Pisistrati
1252 2645 1278 2685 et
1288 2634 1370 2686 Crtesi
1384 2645 1459 2686 etate

403 2725 511 2784 patruus
523 2707 652 2763 Miltiadis
664 2711 756 2780 hujus,
773 2709 920 2774 Miltiades,
937 2710 1043 2782 Cypseli
1057 2710 1141 2776 lilius,
1155 2713 1201 2783 qni
1216 2711 1316 2783 generis
1330 2712 1459 2782 originem

401 2791 436 2844 ab
449 2793 529 2843 AEaoo
545 2790 645 2860 AEgints
657 2807 719 2861 rege
730 2790 863 2856 trahebat,
877 2790 985 2844 Athenis
1002 2809 1034 2844 er
1045 2791 1152 2843 oraculo
1172 2811 1186 2845 a
1202 2791 1327 2844 Doloncis
1338 2805 1459 2845 evocatus

403 2872 509 2936 fuerat,
528 2881 557 2921 ut
573 2871 644 2940 ipsos
663 2881 773 2940 regeret.
794 2870 826 2921 Ei
845 2871 962 2942 primum
977 2870 1005 2922 in
1028 2870 1184 2924 Chersonesi
1203 2868 1324 2942 dynastia
1338 2873 1458 2924 successit

402 2951 563 3021 Stesagoras,
579 2948 667 3002 fratris
682 2948 801 3002 Cimonis
813 2948 899 3014 lilius,
914 2947 1072 3022 tandemque
1094 2949 1157 3004 hnic
1174 2950 1312 3004 interiecto
1332 2951 1396 3004 alter
1416 2951 1459 3004 Ci-

401 3029 489 3082 monis
504 3029 586 3092 filiua,
607 3041 696 3081 noster
709 3025 858 3094 Miltiades,
878 3029 924 3099 qui
942 3047 1024 3100 usque
1044 3027 1078 3084 ad
1098 3027 1127 3082 id
1144 3043 1247 3101 tempus
1262 3030 1372 3082 Athenis
1386 3030 1458 3082 hahi-

402 3120 514 3172 taverat,
524 3119 551 3160 et
560 3125 670 3159 uxorem
679 3119 768 3177 postea
776 3105 852 3161 duxit
862 3107 1057 3180 Hegesipylam,
1069 3108 1145 3162 Olori
1153 3109 1285 3163 Thmcum
1292 3110 1361 3180 regis
1367 3109 1453 3162 filiam.

402 3189 443 3240 lta
459 3185 610 3240 Herodotus
624 3205 666 3238 res
677 3199 782 3251 namet,
793 3187 867 3252 tvl,
878 3207 906 3258 p.
918 3189 1080 3258 Spa-394
1092 3201 1118 3242 et
1129 3195 1201 3259 ⁴¹92
1213 3207 1245 3241 ex
1257 3187 1373 3242 editione
1386 3207 1455 3252 mea,

403 3283 463 3336 que
477 3265 603 3335 impressa
618 3278 658 3318 est
673 3264 744 3337 apud
753 3266 835 3319 lleur.
856 3266 1018 3338 Stephanum
1036 3285 1106 3320 anno
1131 3269 1213 3338 159a.
1234 3268 1381 3321 Consilium
1395 3269 1455 3320 Mil·

383 3342 480 3398 ttiadis
494 3343 529 3396 de
550 3356 632 3414 ponte
651 3345 679 3397 in
703 3346 773 3397 Istro
788 3345 897 3398 llumiue
912 3345 1078 3400 dissolvendo
1101 3349 1241 3420 exponitur
1256 3347 1289 3400 ab
1307 3346 1455 3414 Herodoto,

401 3425 420 3478 l.
429 3424 478 3488 IV,
490 3441 517 3494 p.
534 3422 589 3486 tos
596 3461 604 3486 ,
612 3424 659 3476 uhi
666 3421 800 3490 ridemus,
815 3423 961 3478 Miltiadem
971 3428 1106 3480 assensisse
1116 3441 1219 3500 tantum
1230 3427 1340 3480 consilio
1353 3440 1380 3480 et
1390 3427 1456 3499 peti·

403 3503 470 3556 tioni
481 3501 646 3572 Scytharum.
668 3501 860 3556 Chersonesum
876 3505 956 3576 paulo
967 3521 1027 3578 post
1042 3507 1161 3578 reliquit,
1177 3508 1231 3560 sire
1244 3509 1279 3560 ob
1296 3507 1456 3560 incursiones

402 3582 577 3654 Scytharum,
591 3581 663 3648 sive,
676 3580 748 3652 quod
765 3583 928 3654 probabilius
948 3587 1049 3652 est,'ob
1062 3587 1135 3639 Darii
1151 3599 1260 3640 metum.
1271 3584 1324 3639 Sed
1338 3599 1398 3657 post
1413 3586 1457 3638 tri·

403 3662 512 3716 ennium
529 3662 655 3733 repetitus
670 3673 740 3715 esta
761 3664 904 3730 Doloncis,
927 3666 1011 3735 iisque
1032 3666 1171 3738 imperarit
1189 3665 1275 3719 adhuc
1295 3665 1391 3718 multos
1410 3683 1456 3735 per

404 3760 486 3796 annos
500 3759 584 3812 usqne
597 3740 630 3795 ad
645 3739 711 3794 illud
726 3755 841 3813 tempus,
862 3762 916 3815 qno
936 3745 1015 3797 Ionia
1031 3745 1127 3798 iterum
1145 3747 1194 3799 suh
1214 3757 1367 3817 potestatem
1386 3743 1455 3796 Darii

404 3821 509 3875 redacta
524 3831 570 3874 eat.
591 3820 674 3873 Paulo
688 3835 748 3874 ante
759 3825 871 3874 Lemnum
888 3843 1028 3896 compasse
1040 3822 1160 3891 ridetur,
1179 3843 1259 3896 qnam
1277 3825 1386 3878 insulam
1403 3840 1455 3874 non

407 3903 492 3963 Cures,
508 3899 554 3954 sed
569 3896 669 3970 Pelasgi
681 3903 822 3967 tenebant,
837 3914 867 3955 ut
878 3902 1032 3956 Herodotus
1045 3903 1148 3975 prodit,
1162 3904 1180 3956 l.
1189 3906 1223 3969 V,
1235 3923 1262 3975 p.
1276 3906 1331 3958 338
1341 3917 1367 3956 ct
1377 3902 1456 3966 tvl,

405 4000 431 4050 p.
443 3981 509 4042 433.
530 3980 569 4032 De
583 3999 672 4051 pugna
684 3980 853 4043 Mmthouis,
878 3981 912 4035 de
925 3983 999 4036 irrita
1011 3985 1207 4055 oppugnatione
1217 3984 1293 4044 Pori,
1314 3981 1385 4038 etde
1399 3981 1458 4034 Mil·

403 4057 480 4112 tiadis
498 4060 662 4112 accusatione
684 4073 710 4113 et
725 4074 810 4114 morte
830 4062 913 4114 multa
930 4061 1071 4115 traduntur
1090 4063 1157 4116 libro
1175 4065 1216 4116 Vl
1233 4061 1376 4128 Herodoti,
1401 4077 1458 4134 qun

401 4137 479 4209 longe
491 4139 609 4192 absume
621 4139 739 4194 Cornelii
746 4142 905 4196 narratione.
917 4143 1021 4198 Notabo
1032 4155 1135 4198 tantum
1146 4141 1274 4215 depugna
1281 4141 1459 4207 Marathonia,
