3284 5150
387 455 458 530 252
647 461 916 529 CORNELII
943 459 1174 530 NEPOTIS

384 596 589 668 deduxerat:
605 599 695 692 quod
709 625 778 670 non
797 601 933 669 minoris
950 600 1188 684 existimamus,
1210 623 1310 694 quam
1332 623 1450 694 quem-

386 703 465 775 libet
485 704 721 800 amplissimum
742 705 982 775 Sardiniensem
1000 705 1217 800 triumphum.

437 813 481 880 ΙΙ.
503 811 720 882 Consulatum
746 813 847 908 gessit
869 837 945 881 cum
965 814 1002 881 L.
1026 811 1163 882 Valerio
1183 810 1317 898 Flacco,
1340 810 1449 880 sorte¹

384 919 589 1013 provinciam
600 933 717 988 nactus
733 920 925 1015 Hispaniam
942 919 1142 1005 citeriorem,
1158 943 1264 1012 exque
1281 941 1320 986 ea
1335 919 1453 986 trium-

383 1024 488 1117 phum
508 1025 705 1121 deportavit.
720 1024 771 1096 lbi
793 1050 895 1119 quum
915 1024 1037 1094 diutius
1056 1037 1260 1112 moraretur,
1276 1024 1312 1093 Ρ.
1336 1025 1450 1118 Scipio

383 1130 558 1200 Africanus
580 1131 695 1200 consul
713 1134 853 1218 iterum,
867 1131 961 1225 cujus
972 1133 1005 1198 in
1023 1131 1133 1226 priore
1148 1129 1323 1200 consulatu
1341 1155 1449 1226 qums-

383 1249 438 1305 tor
460 1237 585 1326 luerat,
600 1237 705 1306 voluit
718 1262 795 1307 eum
814 1235 856 1306 de
877 1238 1047 1331 provincia
1067 1234 1261 1332 depellcrc²,
1276 1250 1310 1305 et
1327 1238 1396 1332 ipsc
1416 1238 1449 1304 ei

385 1344 569 1413 succedere.
583 1346 699 1440 Neque
715 1343 781 1414 hoc
795 1369 854 1438 per
869 1357 1020 1414 senatum
1035 1341 1166 1412 efficere
1182 1327 1327 1438 potuit³,
1342 1368 1448 1436 quum

384 1450 516 1543 quidem
539 1451 650 1544 Scipio
670 1451 703 1520 in
732 1451 864 1519 civitate
887 1451 1108 1546 principatum
1135 1448 1328 1524 obtineret:
1354 1447 1448 1543 quod

386 1569 457 1624 tum
479 1581 546 1625 non
564 1557 729 1651 potentia,
751 1555 808 1625 sed
822 1557 916 1649 jure,
935 1553 1120 1650 respublica
1141 1554 1446 1624 administrabatur.

385 1662 461 1750 Qua
481 1687 521 1732 ex
539 1688 575 1731 re
596 1664 698 1732 iratus
719 1664 865 1750 senatui,
881 1660 1054 1732 consulatu
1075 1676 1228 1756 peracto,
1246 1661 1397 1756 privatus
1411 1663 1448 1732 in

385 1768 467 1836 urbe
487 1755 636 1838 mansit⁴.
654 1769 698 1838 At
713 1770 815 1856 Cato,
830 1793 948 1838 censor
959 1793 1035 1836 cum
1052 1757 1171 1837 eodem
1189 1766 1309 1837 Flacco
1322 1765 1448 1856 Iactus,

385 1897 498 1942 severe
516 1873 647 1968 prefuit
667 1877 697 1942 ei
715 1859 897 1969 potestati⁵.
915 1877 1003 1944 Nam
1017 1876 1098 1943 etin
1119 1872 1305 1970 complures
1319 1872 1448 1943 nobiles

385 1965 646 2068 animadvertit⁶,
671 1995 704 2050 et
728 1979 847 2050 multas
875 2005 926 2050 res
950 2004 1053 2050 novas
1075 1982 1109 2050 in
1134 1977 1279 2049 edictum
1301 1979 1448 2067 addidit,

385 2211 500 2254 terarum
514 2221 651 2270 amorem,
666 2221 822 2276 sensumque
832 2204 892 2276 pul·
935 2205 1010 2274 cujus
1023 2217 1113 2258 noster
1125 2205 1211 2258 multo
1224 2201 1446 2257 studiosissimum

385 2279 443 2333 chri
458 2282 485 2333 in
502 2283 628 2336 Romanis
641 2284 767 2337 incitavit.
779 2285 840 2337 Tus.
852 2315 886 2326 -
937 2285 1032 2356 passim
1048 2303 1076 2337 se
1091 2283 1240 2356 profitetur.

386 2359 561 2414 Scardinicnsem
574 2364 723 2434 triumphem.
744 2366 767 2416 I.
781 2382 803 2416 e.
813 2383 893 2436 qnam
978 2370 1005 2427 4.
1019 2365 1132 2416 Privatus
1145 2369 1169 2414 in
1183 2363 1240 2415 urba
1255 2365 1349 2416 msit.
1363 2360 1446 2427 Quod

386 2440 407 2492 si
423 2441 532 2494 omniuo
547 2441 650 2497 devicta
663 2456 730 2496 esset
743 2442 871 2496 Sardinia.
937 2462 969 2495 ex
988 2444 1047 2497 Lir.
1065 2443 1232 2506 XXXVIII,
1246 2461 1270 2496 c.
1295 2443 1330 2494 Sa
1345 2453 1373 2494 et
1387 2441 1445 2507 5³,

427 2521 492 2574 Car.
517 2523 553 2575 11.
576 2542 599 2576 t.
622 2523 700 2576 Sorte.
724 2523 801 2576 Sorte
821 2523 893 2576 euim
937 2524 1054 2595 suppleri
1074 2535 1177 2595 potest,
1197 2535 1287 2594 postes
1305 2522 1446 2575 Liternum

387 2603 538 2655 consulibus
567 2599 755 2657 dividebantur
783 2603 893 2675 provin·
937 2603 1074 2658 concessit.
1082 2605 1351 2666 Anteatumeu,cum
1363 2601 1445 2654 tratre

386 2681 442 2746 cin,
451 2682 602 2734 nominibus
614 2683 641 2735 in
654 2701 748 2736 urnam
760 2683 892 2753 conjectis.
936 2682 1104 2736 neomuto
1113 2681 1236 2752 Scipione
1245 2681 1368 2744 Asiatico,
1374 2681 1445 2752 lega·

386 2791 426 2803 -·
442 2763 529 2833 Ecqua·
543 2783 573 2813 ea
592 2763 733 2834 triumphum
751 2763 892 2833 deportarit.
937 2775 979 2814 tus
987 2774 1077 2816 contm
1088 2761 1249 2815 Antiochum
1261 2759 1344 2832 Syrie
1354 2778 1443 2832 regern

387 2840 575 2913 Triumphasse
606 2844 734 2895 Catonem
766 2854 893 2895 testantur
937 2842 1064 2894 inhsium
1078 2842 1211 2913 profectus
1226 2853 1275 2894 est.
1292 2841 1440 2894 GouI.Lir.

386 2921 523 2992 Appiauus
536 2922 562 2974 in
576 2922 689 2988 Iber.,et
699 2920 854 2974 Plutarchus
864 2922 893 2974 in
936 2922 1083 2985 XXXVII,
1100 2940 1124 2974 t.
1139 2921 1200 2974 Tus.

386 2999 440 3052 vita
455 3003 519 3072 ejus.
535 3002 596 3053 Una
612 3001 684 3054 enim
702 3019 762 3054 cnm
783 3001 812 3052 P.
837 2999 893 3053 Sci·
978 3001 1004 3052 5.
1039 3001 1122 3053 Severe
1147 3002 1251 3073 proesuit
1274 3003 1297 3051 εἰ
1318 3005 1441 3069 potestati.

385 3079 466 3151 pione
481 3081 574 3133 Nasica
594 3080 693 3134 crebris
715 3081 811 3150 praeliis
832 3079 892 3132 llis·
937 3077 1016 3132 Unde
1025 3078 1064 3132 illi
1076 3081 1214 3134 Censorium
1221 3097 1317 3132 nomen
1327 3077 1442 3132 inditum

386 3175 470 3229 panos
483 3157 605 3224 domuit,
619 3160 655 3212 ita
667 3173 697 3212 nt
712 3160 838 3230 imperata
854 3158 892 3211 la·
936 3171 983 3211 est.
995 3159 1065 3212 Hinc
1083 3161 1205 3214 Lucanus
1219 3157 1254 3212 de
1268 3159 1379 3220 Catone,
1396 3159 1442 3224 ΙΙ,

385 3257 445 3291 cere
457 3239 540 3291 coacti
550 3237 684 3292 sint.Vide
695 3238 753 3291 Liv.
763 3239 891 3292 XXXIV.
938 3240 994 3306 389
1008 3257 1014 3292 :
1034 3266 1046 3286 ι
1060 3238 1148 3311 Rigidi
1165 3251 1282 3293 serrator
1297 3238 1412 3292 honesti.
1426 3263 1438 3285 ι

427 3337 453 3370 a.
465 3318 552 3369 Voluit
563 3339 614 3371 eum
623 3319 652 3370 de
660 3322 782 3388 procinctu
793 3319 894 3389 depelle·
936 3319 1072 3374 Counrm.

386 3418 422 3460 re,
438 3411 487 3451 etc.
499 3397 611 3470 Propter
623 3398 783 3451 simultatem
796 3397 893 3470 dequo
977 3404 1003 3452 u.
1025 3400 1056 3452 In
1079 3401 1208 3470 comptum
1224 3399 1314 3450 nobiter
1332 3397 1442 3450 atad·

385 3497 480 3550 snpra,
492 3479 514 3530 Ι,
937 3479 1188 3545 machomariam
1196 3478 1373 3532 Flamininum
1382 3495 1444 3530 oon·

428 3559 453 3612 3.
473 3557 556 3630 Neque
572 3559 616 3609 loc
626 3577 671 3629 per
682 3571 788 3610 senatum
800 3557 894 3629 efficere
936 3559 1049 3612 sulutem
1060 3577 1121 3612 cum
1136 3579 1180 3612 sex
1191 3559 1266 3622 aliis,
1280 3555 1354 3629 quod
1365 3556 1443 3611 multi

382 3642 471 3709 putuit.
490 3637 614 3691 Ell'ecisse
630 3652 716 3692 tamen
736 3637 893 3691 Plutarchus
936 3651 1059 3702 narrant,
1074 3651 1166 3692 senatu
1181 3639 1273 3691 movit.
1291 3637 1369 3691 cons.
1383 3637 1443 3689 Lir.

387 3716 468 3771 tradit
491 3719 519 3770 in
540 3718 657 3783 Catone,
671 3737 728 3791 cap.
756 3719 791 3772 11.
818 3719 893 3772 Nihil
935 3717 1074 3781 XXXIX,
1090 3724 1136 3781 4²·
1151 3717 1444 3782 Animadvertitautcm,

386 3797 478 3852 Livius
493 3797 527 3850 de
541 3799 585 3850 illa
599 3800 771 3853 successione.
787 3799 848 3851 Tus.
858 3821 888 3833 -
936 3798 1066 3870 proprie:
1081 3795 1153 3852 unde
1173 3797 1344 3850 mmmmm
1361 3815 1442 3848 censo·

389 3879 464 3946 Quod
490 3891 538 3930 tuat
556 3897 603 3930 non
618 3882 745 3950 potentia,
761 3878 805 3930 sed
821 3880 890 3947 jure,
937 3880 1006 3930 ritum
1020 3875 1090 3949 apud
1107 3877 1192 3930 Cicer.
1210 3896 1260 3950 pro
1274 3876 1407 3940 Cluentio,
1418 3893 1441 3928 c.

387 3959 518 4027 respublica
543 3957 762 4011 adulabtrcbatur.
789 3957 892 4010 Morem
939 3961 992 4022 46,
1008 3970 1073 4011 extr.
1090 3959 1149 4010 Tus.
1172 3989 1213 4000 -
1233 3957 1326 4010 Multas
1344 3975 1380 4007 m
1399 3974 1443 4006 aa·

387 4037 470 4090 etatis
493 4055 546 4091 suta
574 4038 680 4109 arguit,
700 4037 800 4109 quippe
828 4049 893 4090 tuuc
938 4056 978 4090 cus
1003 4041 1028 4090 t‘n
1052 4037 1153 4090 edictum
1183 4035 1287 4090 «duwe
1320 4036 1443 4088 Priorum

386 4133 510 4187 oppressa
528 4119 626 4189 jaceret
643 4117 750 4188 antiqua
767 4117 892 4182 libertas,
937 4134 1077 4170 censorum
1107 4115 1195 4170 edicto
1223 4133 1292 4190 nora
1325 4113 1445 4186 quadam
