3200 5130
456 541 853 612 THRASYBULUS.
1131 571 1176 642 91

120 677 189 770 jam
217 689 288 758 tum
308 671 371 742 illis
393 659 619 768 temporibus⁶
640 673 757 744 lortius
778 674 857 744 boni
877 699 939 768 pro
960 671 1109 748 libertate
1128 677 1181 758 lo:-

123 781 328 876 quebantur‚
345 804 444 874 spiam
463 774 665 875 pugnabant.
681 783 767 850 llinc
786 783 822 848 in
842 781 1018 852 Piraeeum⁷
1037 786 1183 871 transiit,

17 927 18 946 .
125 887 407 980 Munychiamque
422 888 572 956 munivit.
586 888 680 956 Hanc
695 886 746 956 bis
760 887 889 980 tyranni
902 911 1094 981 oppugnare
1107 905 1183 958 sunt

126 993 297 1080 adorti;ab
311 1017 414 1086 eaque
431 995 570 1088 turpiter
581 991 717 1087 repulsi,
729 994 878 1087 protinus
890 993 922 1060 in
939 995 1074 1080 urbem,
1085 999 1184 1065 armis

127 1099 432 1194 impedimentisque
440 1101 581 1184 amissis,
593 1098 793 1193 refugerunt.
805 1100 893 1170 Usus
902 1113 952 1168 est
960 1099 1183 1193 Thrasybulus

127 1230 194 1274 uon
215 1207 324 1274 minus
345 1189 552 1299 prudentia⁸‚
573 1229 672 1298 quarn
694 1203 893 1278 fortitudine.
916 1202 1003 1278 Nam
1029 1205 1182 1275 cedentes

129 1310 243 1384 violari
264 1309 403 1380 vetuit⁹:
420 1313 508 1380 cives
525 1312 612 1390 enirn
631 1311 757 1383 civibus
774 1334 910 1406 parcere
922 1336 1058 1405 aequum'
1069 1337 1181 1380 cense-

129 1415 193 1486 bat.
218 1418 336 1510 Neque
357 1418 529 1511 quisquam
554 1432 604 1487 est
620 1414 828 1503 vulneratus,
845 1419 906 1490 uisi
932 1418 987 1511 qui
1011 1418 1102 1512 pn'or
1122 1419 1183 1488 im·

129 1547 278 1618 pugnare
289 1522 312 1546 '⁰
326 1522 440 1600 voluit.
457 1525 632 1594 Neminem
641 1524 805 1616 jacentem
820 1537 910 1596 veste
929 1523 1080 1617 spoliavit
1092 1522 1125 1590 ¹¹:
1139 1522 1184 1592 nil

129 1631 257 1723 attigit,
278 1630 339 1697 nisi
359 1653 472 1716 arma,
487 1654 628 1722 quorum
650 1629 834 1724 indigebat,
851 1643 884 1698 et
905 1653 977 1723 quae
997 1629 1039 1698 ad
1061 1630 1185 1702 vicum

128 1736 345 1828 pertinebant.
365 1737 404 1802 In
425 1735 570 1812 secundo
588 1733 704 1830 proelio
722 1735 840 1808 cecidit
856 1737 977 1804 Critias
994 1733 1028 1822 ¹²,
1044 1735 1111 1804 dux
1131 1750 1185 1829 ty-

129 1865 326 1928 munorum,
344 1865 445 1934 quum
458 1841 588 1935 quidem
603 1841 800 1915 exadversus
821 1839 1062 1934 Thrasybulum
1078 1841 1186 1911 fortis·

129 1949 208 2016 sime
225 1962 400 2042 pugnaret.

179 2055 243 2121 111.
267 2056 340 2122 Hoc
358 2052 486 2147 dejecto
499 2051 520 2142 ¹,
538 2055 713 2124 Pausanias
731 2054 821 2122 venit
833 2055 950 2126 atticis
971 2052 1111 2140 auxilio,
1130 2077 1187 2124 rex

168 2267 196 2317 6.
218 2262 283 2315 Num
289 2265 342 2333 jam
358 2275 407 2314 tum
420 2264 469 2314 iltis
485 2263 633 2333 temporibus.
679 2275 703 2314 et
712 2267 805 2332 generis
818 2263 942 2315 nobilitate
952 2268 1013 2315 inter
1025 2283 1079 2316 suos
1092 2265 1181 2323 clamas,

129 2343 222 2414 Carpit
242 2343 283 2396 sui
304 2342 431 2416 temporis
456 2342 585 2414 ignaviam
607 2343 635 2395 in
679 2346 722 2414 qm'
736 2355 820 2396 auctor
831 2343 987 2413 aadndr'pro
999 2347 1083 2414 patrm
1092 2345 1151 2410 fuit.

129 2423 204 2476 bellis
212 2422 342 2476 civilibus.
354 2423 413 2474 Tzs.
423 2454 463 2464 -
473 2423 572 2474 Fortius
582 2421 637 2474 bont
710 2441 735 2490 9.
747 2421 861 2476 Cedentes
869 2423 960 2486 violari
968 2426 1052 2476 vetuit.
1061 2424 1084 2475 I.
1092 2441 1115 2476 e.
1124 2423 1185 2476 Non

126 2522 172 2573 pru
189 2503 299 2554 libertate
318 2502 489 2575 loquebantur,
509 2521 578 2574 quam
588 2521 636 2571 pu·
679 2501 859 2556 resistentibus
869 2503 923 2554 vim
936 2502 1027 2554 inferri
1039 2501 1186 2573 prohibuit.

128 2583 246 2650 pandant.
260 2583 318 2634 Liv.
336 2583 444 2645 XXXI,
457 2588 492 2646 44
507 2600 514 2634 :
530 2606 541 2627 ι
554 2581 636 2632 Athe·
716 2600 759 2633 10.
769 2581 918 2650 Impugnare.
927 2583 1009 2634 Alteri
1019 2582 1101 2634 ictum
1108 2581 1187 2636 inter·

130 2663 234 2714 aienses
255 2661 350 2714 litteris
371 2661 524 2732 verbisque,
541 2661 637 2732 quibus
679 2677 717 2712 re.
729 2686 740 2706 s
751 2659 893 2714 Sceleratus
904 2661 974 2714 cives
984 2661 1080 2714 timore
1093 2662 1126 2714 ab
1141 2665 1185 2712 im·

130 2743 192 2800 solis
204 2740 310 2806 valent,
324 2741 422 2794 bellurn
439 2739 563 2794 adversus
577 2739 638 2794 Phi·
676 2739 809 2809 pugnanda
818 2741 901 2808 patria
912 2738 1052 2793 deterrere.
1065 2765 1076 2787 ι
1088 2741 1128 2792 Ita
1140 2741 1186 2792 Ci-

130 2821 235 2894 lippum
246 2822 379 2894 gerebant.
394 2847 404 2868 ι
680 2837 757 2882 cero,
772 2817 805 2870 ad
820 2821 893 2871 Brut.
910 2837 953 2890 ep.
967 2820 1028 2872 XV.

171 2921 197 2972 7.
214 2900 281 2952 Hinc
297 2906 321 2952 r'n
333 2902 459 2953 Pri-seeum.
472 2898 514 2952 Sic
527 2897 636 2952 Diodor.
724 2915 765 2952 ιι.
787 2899 909 2952 Neminem
918 2901 1036 2968 jacentem
1053 2909 1118 2948 ueste
1130 2917 1186 2968 rpo-

131 2981 211 3046 XIV,
222 2979 268 3034 33.
282 2981 338 3032 Nisi
351 2977 423 3052 quod
436 2977 516 3032 tradit
528 2979 578 3031 hoc
589 2980 639 3032 lae·
681 2979 755 3030 tave.
772 2975 805 3030 ld
818 2990 872 3042 est,
885 2977 1054 3050 spoliandum
1072 2978 1186 3043 eemuit5

132 3072 187 3112 tum
211 3077 267 3114 esse
287 3073 347 3131 post
368 3059 543 3131 irruptionem
566 3057 638 3112 illam
681 3075 710 3110 ea
723 3058 821 3112 scilieet
833 3070 1015 3124 mente,utse
1029 3070 1131 3110 tautum
1144 3055 1188 3110 ad·

132 3142 288 3194 matutinam
296 3139 412 3192 incastra
420 3136 638 3206 adversariorum,
659 3143 663 3152 '
682 3157 771 3192 versus
782 3138 915 3208 improbos
928 3151 954 3190 et
965 3150 1077 3192 armatos
1089 3156 1188 3209 pugna·

133 3237 212 3292 quam
225 3217 307 3272 modo
321 3219 467 3272 retulimus.
682 3215 1007 3289 reostenderettiusuper‚
1015 3215 1087 3289 quod
1095 3229 1186 3289 turpe,

172 3303 200 3354 8.
221 3300 279 3354 Nora
296 3303 372 3350 mrbus
383 3298 519 3369 prudentie.
534 3297 640 3352 Nihilo·
682 3295 871 3368 fortiqueduce
881 3295 1017 3369 indignum
1029 3311 1106 3352 estes
1116 3315 1188 3352 utor·

132 3379 221 3432 minus
240 3379 335 3432 Conon
354 3377 550 3448 Thrasybulum
565 3396 639 3430 auo·
683 3377 735 3430 tuis
754 3377 858 3430 lucrum
874 3388 987 3448 captare.
1004 3375 1075 3432 Vide
1091 3378 1191 3430 Aristo·

133 3459 205 3512 mine
215 3461 361 3510 temerarium
372 3458 399 3511 in
412 3454 545 3528 capiendis
554 3459 639 3510 eonsi-
683 3456 917 3524 telem,llhet.11.
935 3457 1056 3510 lacerarem
1071 3457 1115 3509 bie
1125 3475 1189 3528 pro·

132 3537 174 3590 liis
197 3537 365 3610 appellabat,
381 3549 411 3590 ut
433 3536 470 3589 ait
488 3537 640 3592 Aristotelea
682 3536 740 3607 prie
753 3534 787 3588 de
801 3535 939 3590 interfecto
954 3534 1060 3591 dieitur.

133 3617 211 3671 tthet.
221 3617 319 3682 1103,
332 3619 363 3677 ds:
376 3618 459 3670 Κόνων
472 3614 640 3687 Opuetlbsutss
727 3634 770 3668 aa.
778 3615 871 3668 Cecidit
877 3614 975 3668 Critias.
983 3615 1189 3686 Ceciditproprie

133 3695 293 3768 tpaebsssutss
302 3696 641 3763 teotmttocveronomen,
683 3693 717 3748 de
730 3695 872 3750 interfectis
891 3696 919 3748 in
933 3695 1025 3765 prelio
1038 3707 1188 3765 usurpatur.

134 3773 167 3828 ad
177 3775 251 3848 quod
264 3776 351 3828 allusit
362 3775 469 3840 Conon,
477 3788 572 3848 epatre
584 3776 641 3831 siue
684 3774 742 3826 Hoc
752 3793 858 3846 quoque
870 3775 898 3826 iu
910 3774 981 3826 bello
991 3771 1086 3826 cecidit
1098 3785 1189 3844 tyram

134 3853 217 3916 dubio
232 3868 367 3926 acceperat
380 3857 570 3926 Thrasybulus.
587 3855 642 3908 llu-
684 3873 734 3908 uus
744 3854 949 3926 Hippomacbus.
964 3852 1087 3922 Xenopb.
1099 3853 1144 3916 11,
1155 3850 1188 3904 de

133 3935 175 4006 ius
187 3937 281 4006 seirpus
298 3935 340 3989 ael
355 3938 440 4006 sptem
458 3933 574 3988 laudant
595 3935 643 3988 Pe·
684 3933 739 3987 reb.
750 3934 857 3988 Graecis.
866 3933 944 3986 Teste
952 3949 1016 3987 sero
1023 3931 1190 3995 Jusunmv,

133 4013 253 4086 lapidas,
262 4013 333 4086 apud
345 4015 415 4070 Plut.
427 4015 480 4068 Has
491 4033 554 4078 yero
568 4012 642 4067 dotes
687 4033 720 4083 9,
731 4013 914 4084 Hippolochus
931 4025 958 4064 et
971 4011 1083 4076 Critias,
1099 4022 1189 4084 tyran-

135 4093 235 4148 iuvidia
264 4096 436 4149 temeritatem
461 4095 572 4159 vocavit.
600 4095 641 4146 st
685 4111 782 4156 uorum
798 4091 946 4154 scrinium,
960 4091 1117 4144 occubuere.

135 4171 641 4244 Oroaio‚11,17‚vocaturairstrenuus
725 4173 789 4226 Cae.
811 4173 861 4225 111.
880 4189 903 4226 s.
921 4172 977 4235 Hae
995 4171 1092 4241 dejesta.
1108 4170 1188 4224 Critia
