3284 5150
577 525 859 593 HANNIBAL.
961 603 1032 626 ἱ,
1174 534 1243 616 241

186 663 308 734 excivit
316 657 336 727 ².
353 657 393 728 Id
414 657 472 726 ubi
490 657 583 726 Poeni
604 659 824 743 resciverunt,
838 657 1018 752 Magonem
1038 653 1170 748 eadem,
1185 687 1251 756 qua

187 770 341 854 fratrem,
355 765 524 833 absentem
539 787 637 858 poena
650 762 842 832 affecerunt
856 761 926 851 Illi,
937 764 1117 860 desperatis
1131 768 1252 857 rebus,

186 899 289 969 quum
312 870 485 942 solvissent
502 893 602 940 naves
610 855 633 957 ³,
651 893 691 938 ac
711 867 784 938 vola
802 871 907 938 ventis
926 869 1107 956 dedissent3
1126 875 1250 942 Hanni·

187 977 240 1049 bal
258 979 300 1048 ad
315 975 518 1047 Antiochum
537 976 696 1070 pervenit.
719 977 771 1044 De
788 976 942 1070 Magonis
969 977 1102 1046 interitu
1130 978 1252 1076 duplex

187 1086 347 1154 memoria
363 1082 494 1179 prodita
516 1067 592 1150 esth
612 1084 763 1175 Namque
783 1079 837 1149 alii
855 1082 1049 1178 naufragio,
1070 1082 1123 1152 alii
1144 1109 1164 1151 a
1184 1111 1251 1154 ser·

187 1194 236 1261 vis
258 1193 360 1285 ipsius
381 1172 610 1257 interiectum⁵
636 1212 734 1275 eum,
758 1189 920 1282 scriptum
940 1187 1153 1284 reliquerunt.
1180 1197 1252 1260 An-

187 1297 320 1367 tiochus
338 1309 467 1383 autem,
487 1295 513 1363 si
540 1307 608 1362 tarn
630 1294 665 1360 in
687 1293 814 1388 agendo
838 1279 946 1362 betto⁶
965 1319 1081 1389 parere
1096 1295 1252 1366 voluisset

186 1391 331 1474 consiliis
357 1401 445 1494 ejus,
465 1424 563 1494 quam
591 1401 625 1467 in
651 1399 858 1494 suscipiendo
889 1401 1090 1488 instituerat,
1114 1404 1251 1496 propius

188 1509 317 1598 Tiberi,
330 1531 431 1602 quam
445 1502 696 1600 Thermopylis,
711 1503 752 1574 de
765 1530 895 1575 summa
913 1509 1042 1601 imperii
1058 1506 1252 1580 dimicasset.

187 1617 300 1706 Quem
319 1615 379 1684 etsi
399 1610 504 1682 multa
524 1610 623 1681 stulte
645 1611 778 1680 conari⁷
793 1611 945 1700 videbat,
959 1628 1071 1682 tamen
1091 1612 1180 1684 nulla
1198 1615 1252 1684 de·

231 1829 257 1862 a.
268 1811 376 1862 Excivit.
385 1805 547 1873 Advocarit,
556 1807 698 1861 arcessivit.
743 1819 797 1860 tem
810 1806 967 1862 Hannibalis
975 1809 1086 1861 oonsilio
1094 1827 1149 1861 non
1158 1827 1252 1881 parue-

230 1891 257 1943 3.
276 1889 409 1943 Solvisserrt
421 1907 499 1941 mres.
516 1887 539 1940 E
554 1900 635 1958 portu
649 1887 699 1942 sci-
742 1887 779 1940 rit
785 1888 941 1955 Antiochus,
948 1887 984 1941 its
991 1886 1141 1942 dooetlust
1150 1889 1253 1958 xxxi,

188 1969 259 2021 licet.
283 2001 320 2012 —
343 1968 384 2021 Ac
402 1967 458 2018 uela
475 1971 553 2018 uentri
572 1967 698 2022 deditseut.
743 1968 783 2019 6:
808 1966 907 2020 «Huic
931 1967 1067 2020 sententias
1092 1969 1252 2022 obtrectato-

190 2049 297 2102 Poetica
307 2047 408 2100 locutio
418 2065 425 2100 :
436 2047 555 2118 provecti
566 2047 594 2098 in
606 2046 697 2100 altum.
741 2063 783 2098 res
800 2047 878 2098 amici
892 2047 961 2117 regis
974 2061 1066 2112 erant,
1083 2065 1138 2100 non
1152 2048 1251 2100 utilita-

229 2134 256 2190 t.
277 2127 375 2198 Duplex
399 2128 510 2178 mosoma
531 2125 630 2196 predita
654 2139 697 2179 est.
741 2135 795 2177 tem
803 2125 843 2177 rei
852 2125 1194 2196 oogtrmrss;redverenres
1203 2147 1250 2192 ne,

189 2207 285 2260 Rarior
298 2208 390 2260 forma.
405 2206 579 2277 Frequentius
597 2223 698 2257 memo·
741 2205 853 2276 probato
862 2204 973 2258 consilio
980 2206 1170 2277 ejus,primum
1179 2205 1251 2278 apud

189 2287 257 2339 riam
269 2285 309 2338 rei
321 2285 434 2357 posteris
443 2283 560 2350 tradere,
574 2283 697 2356 prodere.
741 2301 832 2355 regem
844 2283 933 2337 locum
948 2285 1038 2354 gratias
1053 2298 1204 2356 occuparet.
1217 2287 1251 2339 Et

188 2367 229 2419 Ita
246 2377 331 2420 tamen
346 2365 426 2418 etiam
441 2365 542 2432 Ctssar,
559 2361 592 2415 de
613 2363 643 2416 H.
662 2363 696 2416 G.
740 2363 873 2416 Antiocho
886 2381 941 2415 non
955 2363 1159 2416 tamconsilium
1170 2383 1251 2436 qnam

187 2447 215 2510 1,
234 2446 282 2508 13,
296 2457 371 2508 extr.;
389 2443 504 2510 Gellius,
522 2461 571 2512 19,
585 2443 622 2494 in.
636 2443 696 2496 Tzs.
740 2455 832 2496 auctor
845 2441 1015 2512 displicebat,
1024 2461 1058 2495 ne
1072 2429 1156 2514 gloria
1165 2445 1248 2496 ricto·

187 2525 313 2580 Ceterum
330 2521 364 2576 de
382 2524 503 2594 Magonis
518 2533 605 2575 morte
619 2519 698 2592 ride,
739 2521 1179 2589 rias,llannibalis,nonsnaesset.
1190 2549 1249 2570 »-

188 2623 248 2676 qnae
261 2621 353 2675 supra,
366 2603 438 2668 vn,
451 2602 609 2655 notavimus.
740 2600 844 2672 Propriae
859 2601 949 2654 Tiberi.
959 2603 1146 2674 Nempe,teste
1155 2602 1249 2656 eodem

231 2683 258 2737 ὅ.
267 2683 428 2748 Interfecturs.
438 2683 490 2735 Per
498 2699 614 2752 zeugma.
624 2679 697 2732 Nau·
739 2681 756 2731 J
758 2680 846 2733 ustino
858 2717 865 2738 ,
883 2679 993 2751 negabat
1009 2681 1155 2746 Hannibal,
1170 2709 1181 2729 ι
1195 2682 1250 2754 Op·

188 2763 272 2834 fragio
283 2763 354 2814 enim
368 2761 483 2814 interfici
496 2761 610 2814 insolens
622 2761 696 2812 locu·
739 2759 819 2831 primi
828 2761 960 2812 Romanos
966 2761 1017 2813 nisi
1027 2761 1054 2812 in
1062 2760 1137 2812 Italia
1143 2779 1244 2831 posse..

189 2841 237 2896 tio,
261 2842 378 2912 Nempe,
394 2842 422 2893 in
443 2841 520 2894 unius
540 2840 615 2894 verbi
635 2859 696 2893 cum
739 2843 1249 2898 temnit·praesumperas-escamentorum:

190 2919 295 2974 duobug
308 2921 389 2973 etiam
404 2917 514 2973 divad,
526 2919 696 2974 fflbmmjvip
739 2915 1249 2969 Jamsisoaasraineralerllsmainsqnedansllomt.

189 3019 274 3066 nexu,
296 2998 407 3072 propius
433 3011 574 3071 spectatur.
602 2999 645 3052 Sic
667 2999 696 3052 in
739 2999 841 3058 Recine,
855 2998 1010 3059 Mithridate,
1023 2999 1204 3063 Acr.111,Sc.
1222 3019 1246 3053 r.

189 3080 369 3150 Thrasybulo,
393 3097 416 3132 c.
431 3079 488 3132 IV:
508 3075 606 3144 ·Quod
621 3096 697 3131 amor
738 3109 774 3122 -
801 3078 879 3147 Quam
901 3079 1072 3149 Thermopylis.
1092 3079 1193 3142 Locus,
1215 3095 1247 3132 ex

189 3159 301 3220 cisium,
313 3177 367 3211 non
381 3159 421 3212 ria
433 3171 619 3230 expresserat..
635 3158 695 3210 Tzs.
739 3156 810 3208 flori
817 3157 1103 3221 verbis,trecentorum
1110 3159 1246 3212 Laconum

232 3241 258 3292 6.
279 3238 385 3308 Agerdo
400 3238 469 3290 bello.
483 3239 567 3308 Agere
582 3238 696 3304 bellum,
738 3237 856 3308 speciosa
868 3235 939 3289 crede
952 3235 1152 3302 memorandus,
1165 3239 1206 3302 11,
1218 3243 1245 3294 8.

190 3335 241 3390 pro
249 3335 352 3389 gerere,
360 3314 451 3370 dixere
459 3319 539 3369 etiam
548 3317 647 3382 Cesar,
654 3315 698 3368 Li·
780 3335 807 3386 7.
816 3316 895 3369 Staite
902 3322 992 3368 conari.
1003 3319 1136 3370 Notuntur
1146 3317 1179 3369 ab
1188 3337 1247 3371 auc·

190 3395 455 3462 vins,Cnrtius,sicut
462 3397 505 3448 alii
515 3415 606 3469 paoem
612 3415 697 3468 agere,
739 3395 842 3450 toribus
849 3397 961 3450 maxime
968 3397 1021 3450 otia
1030 3410 1055 3449 et
1065 3398 1142 3450 luxus
1150 3398 1178 3448 in
1187 3398 1245 3469 ipso

191 3487 219 3530 et
232 3476 318 3530 Graeci
330 3478 396 3548 ἄγειν
408 3477 531 3544 nubtura,
545 3476 649 3546 sipiritu,
658 3497 697 3546 pr·
739 3475 803 3528 belli
817 3494 912 3539 missu,
926 3477 1010 3529 veluti
1024 3493 1102 3530 aurea
1118 3488 1145 3530 et
1163 3478 1245 3530 serica

189 3559 252 3610 tiss.
268 3557 327 3608 Imo
340 3575 416 3628 agere
430 3566 481 3626 pro
495 3574 600 3627 regere,
613 3553 697 3607 admi·
740 3557 872 3620 tentoria,
885 3555 1011 3609 tibiarum
1023 3553 1171 3627 lidiumque
1186 3574 1247 3609 con·

191 3635 318 3703 nistrare,
338 3635 403 3707 poni
424 3635 521 3706 passim
538 3634 697 3688 ostenditur.
740 3647 848 3701 centus,
867 3637 981 3705 nuptiis,
1001 3635 1103 3688 collatas
1128 3636 1247 3706 quamvis

190 3715 242 3770 llie'
260 3733 324 3768 vero
341 3715 435 3786 ageruio
453 3716 698 3779 continuationem,
741 3733 789 3784 per
809 3714 925 3768 hiemem
940 3733 1022 3779 rosas,
1040 3715 1161 3767 convivia
1174 3727 1246 3780 acta,

192 3807 222 3848 nt
244 3793 315 3847 inira
337 3795 484 3866 suscipiendo
508 3794 613 3847 initium
635 3794 699 3846 belli
741 3793 849 3864 alitsqne
866 3795 1026 3865 voluptates,
1042 3793 1070 3846 in
1086 3812 1149 3865 quas
1167 3794 1248 3846 etiam

191 3885 298 3946 spectat.
312 3905 352 3917 -
367 3875 457 3926 Parere
471 3873 699 3926 ooluhsetcorrsr'iiu
741 3874 869 3926 exercitus
878 3873 977 3925 effusus
986 3873 1048 3926 ruit.
1054 3872 1119 3926 vid.
1128 3873 1246 3939 Livium,

192 3955 251 4024 ejus.
260 3952 394 4006 Sententia
402 3953 474 4026 enim
481 3953 637 4006 Hannibalis
645 3970 699 4005 una
741 3952 875 4018 xxxvl,
891 3967 922 4004 11
932 3970 940 4018 ᾗ
949 3952 1122 4018 Florum,11,
1134 3951 1247 4017 831ust.

192 4045 272 4104 atque
285 4031 376 4086 eadem
385 4051 489 4106 semper
498 4032 700 4096 erat,ntin1ta·
742 4031 849 4096 XXXI,
861 4028 949 4084 6.Tas.
962 4031 1018 4084 Hac
1030 4029 1065 4085 de
1074 4031 1246 4085 reinhGell.

192 4111 228 4163 lia
238 4111 336 4166 bellum
346 4125 490 4184 gererenar.
501 4111 572 4165 Vide
580 4112 698 4176 Livium,
742 4111 820 4164 Noct.
832 4112 884 4164 au.
900 4111 958 4164 Lib.
965 4111 1001 4175 V,
1016 4130 1040 4164 c.
1059 4113 1074 4163 5
1087 4129 1094 4163 :
1107 4137 1119 4159 ι
1127 4111 1160 4164 ln
1172 4111 1247 4164 libris

193 4190 324 4262 mm
332 4191 430 4248 Iustin-
438 4193 543 4254 xxxi,
554 4193 580 4249 ³.
591 4191 647 4254 Cur
655 4209 699 4246 au·
742 4201 861 4246 veterum
868 4190 1054 4246 memoriarum
1061 4191 1249 4264 scriptumest,

379 4291 394 4324 *
1028 4295 1071 4368 16
