3284 5150
346 442 417 515 232
607 443 876 516 CORNELII
902 442 1134 514 NEPOTIS

344 601 412 646 non
433 573 573 670 amplius
589 601 707 646 novem
723 601 827 645 annos
845 591 940 661 nato,
958 577 991 644 in
1013 576 1205 670 Hispaniam
1224 576 1405 670 imperator

343 683 555 778 proficiscens
573 683 789 778 Carthagine,
805 683 880 751 lovi
898 685 1024 776 optimo
1040 684 1183 751 maximo
1200 681 1323 750 hostias
1336 684 1403 750 im-

344 789 487 858 molavit.
514 789 598 876 Quae
624 788 734 858 divina
755 815 807 857 res
834 788 913 856 duni
936 788 1192 874 conficiebatur,
1214 789 1362 882 quaesivit
1382 813 1403 856 a

343 920 414 979 me,
429 893 589 964 vellemne
603 919 715 964 secum
731 897 764 964 in
777 909 884 964 castra
896 893 1084 989 proficisci?
1098 894 1137 963 ld
1148 911 1252 990 quum
1264 892 1404 962 libenter

343 1003 559 1096 accepissem,
580 1015 678 1094 atque
704 1001 746 1070 ab
767 1027 807 1070 eo
828 1015 940 1095 petere
963 1003 1150 1095 coepissem,
1173 1025 1216 1069 ne
1237 999 1404 1068 dubitaret

342 1107 486 1194 ducere3
509 1121 581 1176 tum
608 1105 677 1193 illc,
696 1109 844 1192 Faciam,
870 1108 992 1200 inquit,
1014 1108 1040 1176 si
1064 1105 1162 1176 fidem
1182 1106 1280 1191 mihi,
1302 1129 1400 1200 quam

342 1211 490 1308 postulo,
507 1213 646 1283 dederis.
662 1211 765 1282 Simul
785 1237 838 1281 me
853 1212 894 1280 ad
910 1237 1000 1282 aram
1020 1211 1170 1298 adduxit,
1192 1211 1280 1306 apud
1302 1235 1402 1304 mam

342 1319 527 1389 sacrificare
543 1321 743 1406 instituerat,
759 1343 908 1412 eamque,
923 1321 1040 1389 ceteris
1054 1321 1203 1404 remotis,
1215 1305 1403 1386 tenentem⁴
1426 1349 1431 1358 ·

339 1427 451 1519 jurare
478 1427 601 1518 jussit,
625 1449 795 1520 nunquam
822 1449 875 1492 me
904 1427 938 1493 in
960 1426 1104 1494 amicitia
1137 1450 1213 1493 cunr
1245 1425 1403 1514 Romanis

344 1532 425 1600 fore.
449 1530 486 1598 ld
508 1555 571 1624 ego
589 1531 836 1624 jusjurandum,
862 1533 948 1624 patri
970 1531 1101 1619 datum,
1121 1553 1226 1625 usque
1249 1528 1291 1598 ad
1316 1529 1403 1598 hanc

344 1651 474 1706 aetatem
500 1639 545 1705 ita
568 1639 778 1724 conservavi,
797 1652 834 1705 ut
858 1639 980 1706 nemini
1009 1636 1146 1706 dubium
1168 1661 1239 1704 esse
1265 1635 1405 1721 debeat,

344 1745 424 1838 quin
444 1741 570 1836 reliquo
594 1757 743 1837 tempore
763 1743 878 1812 eadem
899 1757 1010 1812 mente
1032 1745 1091 1813 sim
1113 1744 1253 1812 futurus.
1275 1743 1404 1830 Quare,

345 1851 371 1916 si
397 1847 477 1943 quid
505 1849 609 1916 amice
632 1848 673 1917 de
697 1851 857 1919 Romanis
883 1850 1061 1944 cogitabis,
1087 1875 1154 1917 non
1178 1847 1406 1943 imprudenter

346 1955 478 2042 leceris,
497 1956 524 2024 si
543 1979 596 2022 mc
616 1953 732 2024 calaris
750 1981 761 2042 ;
780 1981 883 2050 quum
904 1956 1037 2050 quidem
1059 1955 1181 2026 bellum
1203 1953 1354 2049 parabis,
1372 1967 1405 2022 te

345 2061 452 2156 ipsum
471 2059 694 2149 frustraberis,
706 2063 733 2130 si
748 2085 816 2131 non
830 2087 884 2132 me
901 2064 935 2130 in
949 2087 989 2131 eo
1004 2063 1187 2157 principem
1207 2061 1363 2156 posueris.
1384 2089 1401 2124 a

400 2168 461 2234 Ill.
489 2169 561 2234 Hac
591 2167 706 2263 igitur,
741 2193 806 2262 qua
833 2169 991 2256 diximus,
1015 2182 1109 2237 aetate
1139 2191 1214 2236 cum
1252 2179 1343 2260 patre
1370 2167 1408 2234 in

348 2272 540 2366 Hispaniam
562 2274 730 2366 profectus
748 2289 798 2343 est
813 2300 820 2342 :
838 2275 931 2366 cujus
945 2288 1020 2368 post
1037 2275 1183 2361 obitum,
1201 2269 1407 2342 Hasdrubale

351 2381 548 2471 imperatore
569 2378 728 2468 suffecto,
743 2382 902 2476 equitatui
921 2381 1010 2449 omni
1028 2380 1166 2474 praefiait.
1186 2381 1259 2449 Hoc
1276 2401 1406 2473 quoque

350 2484 521 2554 interiecto
540 2483 561 2572 ¹,
589 2488 751 2556 exercitus
778 2509 939 2556 summam
967 2487 1093 2582 imperii
1120 2485 1161 2553 ad
1183 2509 1258 2554 eum
1280 2483 1407 2552 detulit.

349 2591 410 2679 ld,
426 2589 660 2685 Carthaginem
674 2591 837 2683 delatum,
851 2589 983 2688 publice
997 2591 1249 2686 comprobatum
1267 2588 1342 2659 est².
1355 2590 1409 2658 Sic

351 2803 392 2855 De
405 2799 502 2872 quibus
520 2798 655 2870 judicent,
666 2801 762 2872 quibua
774 2801 856 2874 inspi·
900 2801 1030 2870 injuratos
1049 2800 1182 2872 probabit.
1197 2825 1208 2846 ι
1227 2799 1343 2862 Cicero,
1357 2817 1409 2869 pro

352 2877 440 2935 ciendi
461 2881 537 2950 copia
556 2891 603 2932 eat.
619 2879 696 2936 Extat
710 2881 782 2934 enim
802 2882 856 2933 lon
901 2881 1013 2944 Flacco,
1029 2879 1157 2932 xxxvl.

355 2960 428 3013 tassia
445 2959 525 3010 etiam
545 2977 617 3011 nnuc
634 2960 703 3012 inter
723 2961 859 3013 thesauros
941 2959 1005 3012 Car.
1015 2959 1063 3011 111.
1076 2960 1263 3032 1.Hocqaoqae
1276 2959 1407 3025 naeisecao.

353 3038 534 3092 Farneaianos.
543 3039 646 3090 Βοειω.
655 3069 681 3080 -·
694 3039 858 3109 Proficiscens.
901 3037 976 3092 ldem
989 3058 1067 3110 supra
1077 3037 1166 3090 invita
1171 3037 1407 3110 Hamilcaris.cap.

352 3117 539 3180 Ptolemaeum
549 3135 644 3187 nempe
657 3117 684 3168 in
700 3135 732 3170 eo
747 3129 818 3183 erat,
830 3130 860 3170 ut
902 3119 962 3182 111,
975 3117 1077 3171 dictum
1090 3131 1137 3170 eat.
1151 3115 1256 3170 Medius
1268 3131 1407 3189 postquam

353 3195 580 3268 proficisceretur,
599 3195 637 3247 uti
655 3197 776 3250 insimili
791 3216 860 3250 nexu
904 3197 973 3250 inter
991 3211 1093 3270 patrem
1113 3210 1141 3250 et
1158 3196 1227 3250 lilios
1249 3211 1310 3250 octo
1326 3199 1408 3250 leriae

354 3276 452 3348 passim
465 3275 549 3327 solent
560 3273 719 3346 deponentia
732 3277 806 3348 poni,
818 3277 860 3330 vel
903 3295 986 3330 annos
1007 3277 1146 3349 imperinm
1162 3276 1328 3341 obtinuerat,
1348 3277 1409 3329 bar·

353 3356 433 3409 niam
442 3355 714 3426 preteritornmvioea
723 3356 860 3410 suatiuere.
903 3358 982 3410 baron
992 3355 1101 3428 quidam
1112 3373 1174 3410 eum
1186 3357 1329 3427 palam‚ob
1342 3357 1408 3410 iram

354 3437 504 3490 Trscanoa.
904 3436 1035 3490 interlecti
1051 3437 1084 3488 ab
1097 3453 1128 3487 eo
1142 3433 1257 3500 domini,
1266 3437 1408 3488 obtrunca·

401 3521 427 3578 4.
460 3515 594 3567 Tonantem.
621 3515 680 3568 Mos
706 3515 776 3568 enim
806 3530 862 3570 erat
903 3517 962 3581 vit;
983 3515 1239 3587 comprehensusque
1260 3533 1275 3566 a
1296 3515 1409 3568 circnm-

356 3594 515 3667 antiquitua,
528 3606 559 3647 ut
574 3613 588 3646 a
608 3593 815 3650 sacrificantibua
836 3611 864 3650 et
905 3596 1046 3659 stantibus,
1063 3592 1135 3646 hand
1147 3593 1212 3660 alio,
1224 3613 1303 3666 quam
1316 3595 1337 3647 ai
1353 3613 1410 3646 eva·

353 3675 504 3748 jurantibus
520 3691 571 3726 arae
586 3685 757 3728 tenerentort
906 3676 1001 3739 sisset,
1024 3673 1117 3736 voltu,
1135 3675 1275 3726 tormentis
1304 3691 1410 3744 quoqne

354 3759 436 3800 Talibaa
446 3768 533 3798 omnam
544 3759 824 3813 dieaia,araaquareaeataan.
906 3773 990 3826 quum
1013 3755 1233 3816 immitium
1248 3754 1299 3806 fuit
1318 3754 1411 3806 habitu

356 3829 568 3880 ΜῑῑῑΜῑΡΜ·
907 3835 1180 3906 oria,ut,auperantc
1195 3831 1413 3900 letitiadolores,

357 3907 864 3982 Virg.AEn.1V‚219.·Ergoia,cui‚ei
907 3911 1018 3966 ridentis
1034 3913 1111 3965 etiarn
1127 3911 1239 3982 speciem
1261 3912 1412 3984 praebuerit.

358 4005 431 4040 man
447 3999 539 4039 teneus
553 3989 669 4058 juraret,
685 3989 803 4043 crederet
818 4007 864 4042 nc·
908 3993 1063 4056 Livius,lib.
1076 3991 1221 4062 XXl,cap.
1234 4010 1260 4044 a.
1270 3992 1412 4046 fflasrrus.

320 4067 326 4074 ⁶
358 4085 415 4130 mo,
435 4083 484 4136 per
502 4065 658 4136 epistolant,
680 4069 753 4140 quod
776 4071 864 4132 volet,
951 4091 976 4124 a.
991 4071 1090 4124 Publica
1103 4071 1278 4142 mmprodatum
1297 4083 1339 4124 cet.
1356 4069 1414 4122 nto·
