3162 5118
366 537 427 583 mv
630 511 894 582 CORNELII
921 512 1150 582 NEPOTIS

364 642 520 714 lustribus
546 639 652 711 solum
680 657 869 737 persecutus
891 657 941 712 est
966 642 1161 714 excellentes
1182 643 1416 739 imperatores;

364 751 421 820 sed
446 752 544 818 etiam
568 748 897 817 commentationibus
922 747 1037 818 claros.
1062 750 1163 838 Quod
1184 767 1417 846 argumentum

363 858 469 950 signat
486 859 522 924 B.
539 853 775 948 Hieronymus,
794 852 985 948 praefatione
1007 854 1049 924 de
1070 855 1290 950 scriptoribus
1308 857 1416 926 eccle-

363 963 516 1043 siasticis,
533 961 590 1028 ubi
608 963 771 1054 Nepotem
791 960 876 1028 inter
896 984 953 1029 eos
971 960 1091 1046 refert,
1109 987 1250 1056 quorum
1266 961 1417 1056 exemplo

362 1082 496 1137 acturus
516 1067 557 1134 sit
579 1065 620 1134 de
643 1067 700 1152 iis,
721 1067 777 1159 qui
799 1065 971 1134 scribendo
990 1065 1188 1136 claruerunt.
1210 1070 1287 1161 Egit
1304 1082 1417 1137 autem

362 1175 475 1267 Nepos
493 1187 564 1242 tum
588 1171 629 1240 de
649 1173 774 1241 Graecis
795 1170 1026 1264 scriptoribus,
1045 1187 1115 1240 tum
1138 1173 1178 1241 de
1201 1174 1334 1242 Latinis.
1363 1177 1416 1242 De

364 1281 507 1366 Graecis,
530 1277 648 1372 colligo
666 1277 761 1362 inde,
781 1275 870 1370 quod
888 1278 922 1344 in
940 1279 1055 1346 Dionis
1076 1279 1143 1346 vita
1166 1278 1270 1366 dicat,
1294 1276 1416 1350 librum

363 1409 398 1455 se
419 1384 533 1454 fecisse
546 1383 587 1452 de
605 1382 783 1451 illustribus
805 1382 966 1453 historicis
987 1409 993 1450 :
1013 1384 1127 1477 inquo
1144 1385 1230 1452 inter
1248 1383 1310 1451 alia
1328 1399 1416 1454 trae-

361 1491 441 1559 tarit
460 1490 501 1559 de
528 1486 663 1557 Philisto
688 1489 853 1557 historico.
877 1491 929 1557 De
948 1489 1102 1578 Latinis,
1120 1505 1316 1585 argumento
1338 1505 1417 1559 sunt

363 1595 513 1689 plurima.
536 1595 621 1663 Nam
640 1594 682 1662 de
699 1595 851 1663 Terentio
869 1595 991 1688 egisse,
1012 1619 1053 1663 ex
1072 1597 1228 1665 Suetonio
1243 1597 1364 1664 scimus
1381 1597 1416 1663 in

362 1702 602 1786 Terentium,
617 1702 749 1769 Donato
767 1723 939 1795 perperam
957 1700 1089 1770 tributa.
1105 1700 1155 1770 Ad
1167 1701 1255 1788 haec,
1269 1703 1416 1795 primum

363 1806 404 1875 de
425 1809 491 1874 vita
510 1807 677 1875 Ciceronis
692 1804 811 1874 librum
830 1803 956 1876 Gellius
978 1809 1071 1893 citat,
1088 1805 1141 1874 lib.
1161 1809 1244 1894 XV,
1259 1829 1331 1900 cap.
1355 1806 1415 1876 28.

363 1915 477 2006 quue
489 1937 527 2001 er
542 1935 641 2006 opere
661 1912 880 2006 fragmentum
897 1914 1115 2006 Hieronymus
1130 1912 1244 2000 affert,
1256 1914 1360 2007 Epist.
1373 1911 1416 1980 ad

332 2079 335 2086 ,
363 2015 619 2088 Pammachium.
645 2021 718 2101 lmo
739 2016 911 2086 verisimile
933 2033 1000 2104 est,
1024 2019 1100 2086 inde
1125 2043 1195 2087 esse
1216 2032 1287 2086 tum
1313 2019 1415 2086 vitam

363 2125 401 2192 T.
416 2125 588 2218 Pomponii
603 2125 722 2210 Attici,
740 2148 813 2218 quae
827 2137 930 2210 extat,
942 2138 1013 2192 tum
1027 2125 1129 2192 vitam
1145 2125 1281 2192 Catonis
1293 2176 1302 2210 ,
1315 2147 1428 2217 quam,
1495 2165 1501 2174 ·

363 2231 431 2298 istis
449 2229 572 2298 claudit
588 2229 696 2298 verbis
719 2256 726 2296 :
751 2259 768 2293 ι(
787 2229 892 2320 Hujus
911 2228 952 2297 de
966 2231 1033 2298 vita
1053 2243 1086 2298 et
1106 2225 1254 2298 moribus
1267 2227 1361 2323 plura
1381 2230 1416 2296 in

363 2360 403 2403 eo
420 2335 504 2404 libro
522 2336 685 2429 persecuti
701 2357 828 2418 sumus,
849 2357 946 2428 quem
969 2337 1143 2430 separatim
1159 2335 1200 2404 de
1220 2360 1260 2404 eo
1278 2335 1416 2404 fecimus

362 2455 479 2534 rogatu
496 2441 561 2509 Titi
580 2441 753 2533 Pomponii
773 2441 881 2509 Attici.
901 2442 1013 2529 Quare
1033 2441 1194 2511 studiosos
1216 2441 1352 2510 Catonis
1372 2439 1416 2507 ad

362 2545 442 2614 illud
460 2544 614 2632 volumen
636 2545 826 2640 relegamus.
854 2574 871 2610 >i
896 2550 1017 2641 Aperte
1036 2547 1175 2634 indicat,
1202 2571 1241 2616 eo
1263 2569 1352 2614 nune
1373 2543 1415 2613 de

363 2653 489 2721 Catone
507 2652 639 2721 brevius
661 2677 695 2720 se
716 2675 828 2746 agere,
847 2655 923 2745 quia
935 2655 1109 2747 separatim
1123 2653 1163 2723 de
1183 2651 1300 2722 eodem
1313 2653 1415 2744 scrip·

363 2760 448 2826 serit.
475 2761 565 2853 Ergo
591 2760 658 2827 vita
683 2757 738 2826 illa
764 2759 921 2845 Catonis,
944 2781 1043 2851 quam
1070 2761 1181 2853 paucis
1209 2758 1412 2853 perstrictam

363 2863 537 2953 habemus,
549 2866 681 2958 majoris
699 2887 775 2958 pars
787 2877 838 2932 est
850 2862 1039 2950 voluminis,
1054 2866 1087 2932 in
1106 2889 1171 2958 quo
1187 2867 1414 2934 Romanorum

363 2968 582 3063 complurium
599 2972 675 3038 vitae
695 2971 952 3037 continerentur.
964 2968 1107 3064 Reliquit
1121 2969 1218 3038 etiam
1238 2967 1415 3062 Exemplo-

365 3097 439 3142 rum
460 3073 669 3168 libros,qu0s
680 3075 783 3143 citent
796 3072 938 3162 Gellius,
956 3073 1009 3143 lib.
1022 3079 1105 3162 VII,
1121 3099 1191 3172 cap.
1211 3075 1321 3163 18,et
1331 3075 1416 3144 Cha·

365 3181 476 3263 risius,
494 3179 547 3247 lib.
568 3182 595 3248 Ι.
614 3178 685 3247 Alia
706 3203 836 3274 quoque
857 3181 1001 3273 ejusdem
1025 3181 1160 3250 laudant
1185 3197 1334 3267 veteres3
1357 3179 1415 3248 secl

340 3295 344 3303 '
366 3307 433 3352 non
450 3286 547 3371 item,
560 3309 632 3379 quse
646 3284 688 3353 ad
705 3286 875 3355 historiam
892 3273 1103 3380 pertineant⁴.
1118 3290 1204 3358 Nam
1218 3311 1258 3356 ex
1278 3284 1415 3382 epistola

406 3531 434 3586 f.
447 3525 560 3590 tinius,
575 3525 603 3579 in
617 3525 763 3581 tnnoduct.
777 3547 804 3600 p.
822 3548 867 3599 19,
911 3543 1060 3585 mentorum
1081 3531 1272 3603 compluscula,
1297 3531 1413 3602 Gecgra·

365 3607 420 3659 lateo
435 3606 544 3659 scribit:
564 3631 575 3653 ι
595 3604 777 3660 consideranti
798 3609 868 3680 frag·
909 3611 986 3682 plaica
1000 3611 1119 3682 quiedam
1130 3613 1163 3665 ab
1178 3612 1224 3664 illo
1238 3627 1292 3664 esse
1304 3611 1412 3664 concin-

368 3699 454 3739 menta
470 3685 604 3756 scriptoris
619 3687 702 3739 nostri
712 3725 721 3752 ,
731 3687 781 3740 illa
801 3707 867 3759 prn-
910 3703 985 3756 natu
999 3691 1105 3744 aientes
1114 3691 1364 3754 aliisconeluserim,
1376 3687 1411 3742 de

365 3765 459 3836 cipue,
472 3783 530 3836 qun
548 3783 579 3817 ex
593 3765 672 3819 Plinii
687 3766 792 3837 majoris
807 3767 867 3820 His·
909 3770 1115 3839 Antiquitatibus
1138 3771 1269 3842 peculiare
1295 3759 1411 3838 ejusdem

366 3846 433 3896 toria
448 3844 560 3897 naturali
572 3845 718 3916 conquisita
731 3857 804 3910 sunt,
819 3846 867 3899 oh·
910 3846 1042 3918 quoddam
1055 3850 1177 3904 extitisse.
1191 3877 1201 3897 ι
1218 3851 1259 3902 ab
1272 3851 1321 3902 hac
1331 3847 1411 3900 Titzii

366 3923 512 3976 servabitur
526 3925 632 3977 fortasse
645 3925 803 3990 meeum,G
818 3925 869 3978 Ne·
909 3927 1038 3982 sententia
1052 3947 1079 3982 se
1102 3949 1155 3982 non
1171 3929 1285 3983 alienum
1305 3927 1412 3996 profite-

366 4003 736 4076 potemplurainsuperopera
743 4003 869 4070 edidisse,
910 4017 953 4060 tur
967 4027 1058 4063 recens
1080 4005 1182 4074 editor3
1200 4008 1245 4078 qui
1258 4007 1366 4061 conficit
1379 4023 1410 4058 ex

367 4097 481 4150 quorum
500 4081 590 4134 titulos
612 4083 690 4148 etiam
709 4086 867 4156 ignoramus.
910 4085 1011 4154 Plinio,
1022 4089 1104 4161 Epist
1113 4089 1148 4153 V,
1163 4087 1194 4154 3,
1209 4085 1331 4142 Poeticen
1343 4103 1410 4158 quc·

368 4158 487 4232 Namque
495 4173 583 4231 aperte
593 4159 792 4217 doceuthorum
800 4163 868 4235 frag·
910 4183 961 4237 que
974 4169 1086 4240 attigisse
1099 4167 1258 4223 Cornelium.
