3282 5156
544 483 1005 556 OBSERVATIONES.
1227 487 1301 576 343

242 614 322 670 luisse
330 609 402 683 apud
412 611 583 668 Athenienses
596 612 779 666 auctoritatem
791 625 851 666 ante
859 631 974 685 pugnam
985 613 1153 670 Salaminiam
1162 655 1169 686 ‚
1178 615 1303 674 discimus

242 691 420 748 ePlutarcho.
447 692 474 744 Is
492 691 563 744 enirn
584 691 684 756 tradit,
711 693 782 746 illius
805 693 971 764 potissimum
994 696 1114 767 exemplo
1137 699 1302 768 prevaluisse

241 772 382 828 consilinm
407 771 608 836 Themistoclis,
627 771 792 826 Athenarum
812 773 921 844 urbem,
949 775 1177 846 appropinquante
1201 779 1303 845 Xerxe,

242 848 423 923 relinquendi,
451 863 477 904 et
498 848 658 904 defendendi
684 852 797 924 patriam
825 854 954 906 maenibus
982 852 1089 923 ligneis.
1113 875 1159 908 seu
1181 859 1300 914 navibus.

243 929 394 986 Herodotus
413 929 531 984 Cimonis
554 933 715 984 mentionem
732 931 793 986 lacit
811 933 923 1000 nullam,
945 932 996 986 nisi
1012 931 1084 1004 qnod
1104 937 1249 990 narrationi
1267 937 1302 992 de

243 1023 329 1064 morte
342 1008 470 1064 Miltiadis
488 1011 637 1083 subjungit,
660 996 797 1064 Cimonein
817 1012 902 1064 filium
922 1013 1046 1066 malcum
1062 1015 1209 1070 exsolvisse.
1230 1019 1303 1070 Con·

243 1089 315 1146 cludi
330 1089 392 1144 inde
403 1102 503 1160 potest,
523 1089 551 1144 id
564 1089 637 1162 quod
655 1103 683 1144 et
696 1091 813 1144 historiae
825 1091 903 1146 series
918 1092 1074 1158 confirmat,
1089 1111 1143 1148 non
1159 1093 1302 1150 admodum

241 1171 347 1243 longana
365 1170 446 1223 farine
461 1169 581 1224 Cimonis
601 1169 756 1224 custodiam.
788 1171 894 1224 Erravit
918 1191 980 1224 vero
1006 1173 1145 1228 Cornelius
1169 1174 1198 1227 in
1223 1176 1302 1230 rebus

241 1249 370 1322 gravioris
383 1250 519 1302 momenti.

281 1330 392 1384 Celebre
409 1327 442 1388 ad
467 1329 587 1401 Mycalen
608 1329 729 1400 pralium
751 1347 806 1382 non
824 1331 991 1385 commissum
1011 1343 1050 1384 est
1071 1345 1130 1402 post
1148 1331 1216 1386 illud
1231 1333 1302 1405 apud

241 1409 341 1462 flumen
356 1409 511 1479 Strymona,
531 1421 557 1461 et
566 1421 627 1480 post
641 1409 813 1482 Amphipolin
826 1410 960 1464 coloniam
971 1410 1148 1466 constitutam.
1161 1413 1195 1466 ln
1209 1415 1301 1485 praelio

239 1488 274 1543 ad
292 1489 413 1560 Mycalen
436 1507 490 1542 non
509 1488 560 1542 luit
577 1486 631 1542 dus
652 1489 757 1544 Cimon.

281 1568 410 1623 Contudit
424 1581 517 1622 auctor
529 1580 619 1621 noster
629 1569 750 1641 prelium
766 1567 799 1622 ad
811 1569 936 1641 Mycalen,
952 1569 1023 1640 quod
1036 1581 1076 1622 est
1086 1574 1301 1641 promontorium

241 1648 324 1704 Ionia
342 1646 498 1702 exadversus
515 1647 623 1700 Samum
643 1647 794 1722 percelebre
817 1644 913 1720 (quod
928 1667 1031 1704 morum
1046 1662 1102 1702 erat
1120 1650 1155 1704 oh
1175 1653 1302 1724 templum

238 1729 399 1782 Panionium
411 1747 427 1780 a
439 1727 580 1782 duodecim
590 1728 672 1782 Ioniae
685 1727 834 1781 civitatibus
848 1729 886 1780 ihi
896 1741 1070 1794 exstructum,
1082 1740 1146 1782 teste
1154 1729 1301 1796 Herodoto,

239 1810 259 1863 l.
273 1827 300 1874 a,
312 1825 338 1880 p.
349 1805 415 1877 69),
435 1827 496 1860 cum
511 1807 557 1865 illo
572 1807 680 1878 prelio,
698 1806 771 1860 haud
788 1807 875 1862 minus
889 1808 1000 1880 insigni,
1016 1807 1088 1879 quod
1109 1827 1204 1862 novem
1224 1813 1303 1864 annis

138 1937 140 1946 ,
236 1901 300 1960 post
310 1888 478 1942 commissum
491 1900 545 1952 cst,
559 1885 756 1953 Cimoneduce,
772 1887 806 1941 ad
812 1888 993 1961 Eurymedonta
1007 1888 1168 1958 Pamphyliae
1174 1887 1301 1954 fluvium

237 1987 270 2022 ea
283 1969 391 2022 lortassc
406 1985 483 2020 causa
495 1968 524 2020 in
535 1985 653 2020 errorem
666 1966 773 2032 ductus,
788 1965 860 2040 quod
876 1968 903 2020 in
921 1982 1033 2040 unoque
1047 1967 1139 2039 prelio
1154 1981 1180 2020 et
1195 1970 1261 2022 mari
1274 1984 1300 2024 et

237 2062 309 2102 terra
328 2060 474 2120 pugnaturn
496 2059 542 2100 est.
558 2047 683 2100 Victorias
702 2047 856 2100 Graecorum
875 2046 908 2100 ad
926 2049 1049 2119 Mycalen
1071 2048 1183 2118 amplam
1203 2047 1300 2102 descri-

234 2129 358 2202 ptionem
370 2125 445 2180 dedit
455 2123 606 2178 Herodotus
619 2127 668 2178 sub
679 2127 760 2178 finem
772 2125 859 2196 operis
872 2127 920 2180 sui.
932 2129 990 2178 Dux
1002 2127 1110 2179 Graeciae
1118 2129 1299 2182 communisin

235 2226 271 2262 eo
282 2207 437 2278 prelioerat
445 2201 613 2258 Lentichides
622 2201 850 2268 lacedaemonius,
864 2201 1127 2258 duxAtheniensium
1135 2206 1297 2278 Xantippus,

235 2287 346 2340 Periclis
363 2297 445 2356 pater.
467 2283 643 2337 Commissum
663 2301 718 2335 esse
736 2280 829 2334 codem
851 2280 914 2347 die,
932 2302 985 2353 quo
1004 2283 1144 2336 Pausanias
1160 2283 1298 2340 victoriam

238 2365 409 2418 Platcenaem
422 2360 582 2434 reportavit,
596 2374 714 2416 asserunt
727 2361 862 2426 historici,
877 2380 943 2433 quos
958 2362 1035 2426 novi,
1052 2381 1152 2414 omnes.

278 2445 328 2497 tx.
345 2442 450 2496 Cononis
463 2455 489 2495 et
500 2441 613 2510 Agesilai
624 2441 700 2504 vitat,
710 2454 866 2512 comparate
874 2442 901 2496 in
910 2441 997 2506 rebus,
1007 2459 1065 2512 quac
1073 2438 1106 2494 ad
1119 2443 1297 2511 Tissaphernem

238 2524 388 2596 pertinent,
410 2534 530 2593 satrapen
548 2519 649 2591 Lydiae.
674 2520 850 2574 Eminuerunt
862 2518 956 2576 eodem
971 2533 1102 2592 tempore,
1121 2520 1221 2591 aliquot
1238 2537 1299 2594 post

237 2604 338 2658 bellum
354 2602 574 2674 Peloponnesium
593 2601 685 2658 annis.
702 2600 800 2654 virtute
814 2599 907 2654 bellica
921 2600 991 2658 inter
1006 2598 1218 2654 Lacedaemonios
1232 2603 1301 2672 Age·

237 2686 326 2745 snam,
343 2683 412 2736 inter
424 2681 596 2734 Athenienses
613 2679 710 2742 Cuma,
728 2679 775 2752 qui
790 2677 898 2752 quidem
914 2682 969 2750 jam
985 2681 1035 2732 sub
1050 2679 1131 2732 finem
1145 2679 1219 2732 istius
1237 2683 1300 2736 belli

238 2775 337 2836 prator
350 2763 436 2815 fuerat
444 2759 660 2824 Atheniensium,
675 2773 701 2814 et
714 2771 807 2831 postea
821 2760 891 2812 inter
903 2759 995 2820 Persas
1010 2758 1169 2812 versabatur.
1183 2758 1300 2814 Historia

237 2861 293 2896 non
309 2843 395 2896 solum
410 2856 517 2911 regum,
529 2837 576 2892 sed
594 2839 673 2892 etiam
686 2852 849 2910 satraparum
870 2837 1036 2898 Persicorum
1052 2838 1081 2893 in
1094 2838 1169 2902 Asia,
1185 2839 1299 2892 multatur

238 2923 353 2977 illustrat
361 2939 404 2976 res
412 2924 467 2991 ejus
476 2919 602 2989 temporis
609 2919 723 2972 Graecas.
730 2917 1300 2990 CeleberrimusintereosestTissaphernes,

134 3028 136 3032 ·
236 2995 1300 3072 incujusintimamamlcitiamAlcibiadespervenerat.IadicitsuComcliosummc

239 3081 328 3136 studio
338 3080 439 3134 bellum
448 3079 555 3150 gessisse
565 3077 689 3132 adversus
699 3077 864 3147 Agesilaum,
876 3077 1002 3148 Ages.11;
1015 3077 1043 3128 in
1050 3077 1104 3130 vita
1112 3095 1174 3130 vero
1181 3077 1299 3132 Cononis

237 3159 273 3212 de
282 3160 375 3214 iisdem
387 3161 468 3214 rebus
479 3160 589 3230 loquean
600 3170 692 3211 auctor
702 3155 782 3224 dicit,
798 3157 864 3211 Con.
873 3157 937 3222 ll,s
953 3175 960 3209 :
986 3183 997 3204 ι
1008 3155 1099 3220 Quum
1106 3154 1299 3212 Lacedaemonii

243 3265 255 3285 ι
264 3241 412 3310 Agesilaum
424 3239 552 3291 bellatum
564 3238 696 3292 misissent
710 3236 739 3290 in
752 3236 855 3302 Asiam,
874 3239 975 3290 manime
988 3237 1083 3306 ivapulst'
1095 3255 1111 3286 a
1130 3237 1298 3306 Tissapherne,

244 3320 310 3388 -qui
330 3337 362 3370 ex
376 3317 476 3372 intimis
487 3318 556 3388 regis
568 3318 601 3368 ab
616 3315 730 3370 amicitia
745 3318 802 3386 eJ'us
817 3315 964 3385 deiecerat,
978 3329 1079 3369 etcum
1093 3314 1300 3370 lacedemoniis

244 3423 255 3442 a
264 3397 363 3450 coierat
377 3397 544 3460 societatem
558 3395 630 3448 banc
645 3393 770 3449 adversus
786 3396 969 3450 Pharnabazus
984 3395 1090 3448 habitus
1100 3396 1299 3467 estimpcrator‚

243 3495 293 3528 are
308 3474 416 3548 quidem
435 3494 496 3528 vera
515 3475 640 3526 exercitui
652 3474 758 3544 prefuit
774 3476 877 3528 Conon.
889 3502 900 3523 ι
914 3476 1015 3548 Etcap.
1031 3475 1092 3528 Ill:
1117 3502 1128 3522 ι
1137 3475 1300 3536 Defecerata

242 3583 252 3602 ι
263 3555 623 3626 rege'l'issapbernes‚nequc
632 3551 660 3606 id
669 3553 963 3626 tamArtaxersi,quasu
973 3555 1081 3619 ceteris,
1088 3565 1296 3625 eratapertuma

278 3636 340 3688 llaec
356 3635 407 3688 sihi
427 3631 624 3697 contradicunt,
648 3631 740 3686 autad
756 3634 896 3688 minimum
915 3631 1097 3689 comradicere
1114 3631 1246 3686 sidentur.
1268 3633 1299 3689 in

236 3717 291 3769 vita
305 3713 417 3786 Agesilai
440 3711 561 3766 laudibus
581 3712 684 3766 extollit
701 3713 774 3766 hunc
788 3715 988 3784 imperatorem,
1009 3711 1083 3784 quod
1102 3713 1195 3766 vicarit
1212 3711 1300 3766 Tiasa,

236 3798 375 3868 phernent.
396 3794 440 3845 Ait
456 3793 484 3848 in
499 3794 552 3846 vita
569 3793 702 3856 Cononis,
718 3793 867 3864 Agesilaum
880 3794 909 3846 in
927 3795 1015 3846 Asiam
1029 3795 1132 3853 maists,
1156 3791 1301 3862 impulsum

235 3896 252 3930 a
266 3875 451 3948 Tissapherne.
465 3873 531 3938 Quas
543 3871 626 3943 igitur
638 3873 695 3925 laus
704 3872 831 3944 Agesilai,
846 3885 873 3926 et
884 3871 949 3944 quid
960 3872 1072 3935 anuum,
1084 3871 1106 3924 si
1112 3869 1301 3942 Tissaphernes

235 3973 264 4008 se
279 3955 349 4009 vinci
371 3971 463 4026 passus
483 3953 540 4006 est?
560 3951 699 4024 liaponere
712 3954 829 4024 conabpr
843 3972 899 4006 rem
912 3969 1032 4016 carnemt
1051 3963 1108 4002 tum
1123 3947 1231 4020 quidem
1246 3947 1299 4004 dis·

236 4035 354 4090 solvetur
369 4031 566 4107 quodammodo
582 4031 755 4086 contradictio
774 4051 915 4106 apparens,
930 4029 976 4086 sed
990 4030 1104 4101 scriptor
1119 4048 1174 4086 non
1189 4030 1299 4092 omnino

236 4112 349 4186 quadam
367 4114 531 4187 negligentiae
544 4113 620 4184 culpa
634 4111 797 4166 liberabitur.

1046 4205 1116 4287 22l
