3246 5134
534 560 537 570 ·
619 545 930 620 runorsnss.
1232 545 1302 645 3⁶7

241 679 373 774 imperii
380 679 545 775 majestas,
556 703 664 774 neque
673 680 719 753 ita
729 677 835 752 multo
847 693 933 776 post,
942 682 1116 752 Leuctrica
1127 681 1305 776 pugns,ah

243 785 309 856 hoc
320 785 416 856 initio
430 781 600 881 perculsa,
615 785 768 864 concidit
781 785 832 856 llli
843 789 946 882 igitur
955 785 1148 876 duodecim,
1163 811 1305 881 quorum

243 904 315 960 erat
341 891 411 972 dux
427 889 619 986 Pelopidas,
635 917 739 988 quum
758 892 896 964 Athenis
920 892 1063 963 intenliu
1083 895 1247 982 exissent,
1268 909 1307 963 ut

243 1012 514 1128 vesperascente
514 996 598 1068 coelo
611 999 743 1074 ¹Thebas
759 1014 894 1094 possent
910 1000 1097 1095 pervenire,
1114 1025 1192 1069 cum
1213 1003 1306 1070 cani·

244 1103 307 1174 hus
335 1089 514 1175 venaticis⁶
535 1107 704 1192 emerunt,
725 1107 806 1178 retia
835 1105 998 1193 serentes,
1019 1108 1140 1176 sestius
1163 1107 1305 1201 agresti,

244 1234 312 1304 quo
332 1212 460 1280 minore
482 1212 667 1307 suspicione
686 1211 860 1284 lucerent
851 1225 922 1282 ster.
941 1212 1009 1302 Qui
1031 1237 1134 1306 quurn
1156 1227 1306 1308 tempore

244 1316 340 1410 ipso,
368 1343 435 1412 quo
465 1317 660 1392 studuerant
667 1315 691 1404 ⁷,
704 1318 931 1412 peruenissent
946 1349 969 1406 ,·
981 1317 1117 1398 domum
1142 1319 1306 1390 Charonis

243 1421 464 1512 devenerunt,
481 1447 503 1492 a
518 1449 586 1519 quo
601 1438 635 1493 et
652 1437 783 1518 tempus
795 1438 830 1492 et
845 1423 915 1494 dies
932 1439 1006 1496 erat
1021 1423 1127 1494 datus.

297 1531 359 1600 III.
383 1532 457 1602 Hoc
476 1527 551 1600 loco
571 1527 652 1603 libet
668 1530 879 1625 interponere
889 1529 913 1620 ¹,
925 1531 987 1600 etsi
1004 1529 1190 1624 sejunctum
1207 1527 1251 1600 ab
1269 1555 1305 1600 re

244 1637 415 1732 proposita
432 1649 500 1722 est,
514 1637 615 1709 nimia
633 1634 756 1707 fiducia
767 1635 1092 1731 quantaeoalnmitati
1104 1635 1207 1708 soleat
1223 1659 1304 1708 esse.

243 1743 331 1812 Nam
350 1745 602 1838 magistratuum
624 1743 860 1815 Thebanorum
879 1743 989 1814 statim
1007 1743 1052 1812 ad
1067 1767 1164 1812 aures
1185 1767 1306 1838 perve-

244 1850 310 1938 nit,
331 1848 442 1920 exules
474 1851 508 1918 in
537 1849 654 1920 urbem
682 1849 862 1925 devenisse.
887 1849 927 1920 Id
950 1847 1014 1938 illi,
1035 1850 1114 1920 vino
1136 1847 1305 1944 epulisque

243 1955 361 2044 dediti,
378 1981 484 2052 usque
505 1981 545 2026 eo
564 1955 804 2052 despexerunt,
821 1970 860 2026 ut
878 1981 921 2026 ne
940 1980 1088 2050 qtsaerere
1109 1955 1242 2050 quidem
1264 1955 1306 2026 de

243 2075 336 2132 tanta
362 2088 399 2132 re
423 2062 615 2135 laborarint.
630 2064 779 2134 Accessit
798 2064 918 2150 etiam,
932 2061 1022 2157 quud
1039 2064 1144 2158 magis
1164 2063 1308 2157 aperiret

244 2192 360 2238 eornm
382 2169 605 2239 dementiam:
628 2168 726 2238 allata
753 2183 804 2238 est
832 2169 920 2238 enim
944 2167 1082 2263 epistola
1102 2168 1241 2238 Athenis
1262 2169 1306 2238 ab

243 2275 366 2345 Archia
382 2275 601 2372 hierophante
611 2273 634 2364 ²,
646 2276 703 2344 uni
724 2301 765 2344 ex
782 2275 834 2344 his
843 2329 854 2362 ,
870 2274 1019 2364 Archiae,
1034 2275 1092 2367 qui
1113 2285 1184 2342 tum
1202 2277 1305 2344 maxi·

286 2455 313 2505 6.
322 2450 384 2504 Cama
392 2450 490 2502 usibus
497 2453 643 2503 venaticis...
651 2450 751 2502 licere.
793 2465 889 2520 possess.
901 2447 934 2500 ld
949 2447 1081 2516 est,hanc
1091 2450 1262 2517 sententiam,
1271 2451 1305 2505 li·

244 2531 368 2594 consilio,
379 2542 557 2584 utvenatores
566 2529 751 2586 mentirentur.
796 2541 839 2581 cet
853 2528 887 2580 ab
905 2528 1016 2582 historia
1039 2527 1194 2600 simpliciter
1215 2545 1304 2603 perte·

287 2629 314 2681 7.
331 2611 386 2678 Quo
399 2610 547 2664 smdueraat.
558 2609 700 2663 Persenire
706 2608 755 2662 sci·
796 2606 882 2662 xsutla
897 2607 1025 2669 alienam.
1035 2626 1079 2662 sne
1088 2610 1163 2680 juvat
1178 2610 1229 2664 hoo
1244 2611 1304 2665 loco

244 2689 316 2744 licet.
328 2690 480 2762 Xenophon
491 2687 572 2744 trsalit
586 2707 632 2747 eos
646 2707 675 2740 sa
687 2689 754 2742 hora
796 2687 1058 2741 issem-Nona
1073 2686 1167 2758 fidsur'a
1170 2729 1216 2743 .....
1230 2691 1303 2745 con.

247 2768 281 2823 sd
303 2769 379 2824 urhis
400 2783 492 2841 portas
512 2769 627 2834 aarum,
646 2787 698 2840 qus
719 2769 753 2821 ah
796 2765 868 2840 gruis
890 2764 959 2820 illud
980 2767 1079 2820 Velleii
1098 2768 1243 2834 Paterculi,
1259 2771 1304 2838 11,

246 2869 327 2922 opere
341 2849 442 2904 rustico
454 2850 483 2902 in
493 2849 589 2902 urbem
599 2849 619 2902 ii
631 2847 754 2913 redeunt,
799 2849 854 2902 us
866 2864 873 2900 s
886 2873 898 2894 ι
906 2845 1047 2902 Neminem
1054 2845 1165 2900 celerius
1174 2850 1304 2921 opprimi,

245 2931 292 3002 qui
314 2929 442 3002 posuensi
464 2942 490 2983 st
509 2928 623 2982 maxime
637 2945 697 2982 sero
710 2947 754 2982 re·
796 2926 939 2998 quamcni
951 2925 1124 2992 nihibtimet,
1139 2935 1166 2980 et
1180 2927 1304 3000 frequen·

245 3009 339 3064 deuna.
356 3010 446 3064 han.
463 3006 598 3062 Diodorus
612 3021 694 3062 noctu
710 3025 753 3061 re·
796 3006 926 3062 tissimum
940 3006 1047 3060 initium
1071 3025 1126 3060 esse
1148 3009 1304 3064 calamitatis

244 3089 384 3156 diisseait·
390 3087 559 3155 Plutarchus,
567 3087 755 3160 lstslplpaeoi·
795 3087 1014 3140 securitatem.-

246 3189 311 3235 αις,
320 3181 347 3224 at
361 3187 423 3223 aere
438 3169 475 3222 ob
488 3179 598 3222 rentum
618 3180 645 3221 et
664 3169 754 3222 nivem
838 3186 864 3220 s.
890 3166 934 3220 Aa
951 3164 1046 3220 Archia
1068 3167 1239 3238 hiemplsarrte,
1262 3173 1305 3222 uui

247 3249 343 3302 mutari
354 3249 514 3322 mmpsmsts
525 3267 611 3320 eoque
621 3245 754 3329 plerisque
796 3266 827 3298 es
847 3247 906 3308 lais,
924 3257 973 3300 etc.
996 3247 1037 3299 lta
1062 3247 1243 3302 Plutarchus·
1259 3243 1305 3308 ‘lsi

247 3329 387 3384 civiumin
402 3327 471 3384 rades
485 3345 544 3383 suas
563 3329 600 3382 ob
614 3341 754 3400 tempesta·
797 3345 834 3388 st<
853 3327 878 3389 Ιξ
914 3331 989 3382 θινῶν
1007 3345 1059 3396 rap
1061 3320 1169 3398 ’Appios
1189 3335 1231 3382 τοῦ
1248 3330 1308 3400 ispo·

247 3407 538 3463 aemmmisuoum
543 3407 708 3474 Plutarchus,
714 3409 755 3460 De
797 3401 889 3476 φόνιοι
908 3408 968 3478 πρὸς
985 3397 1093 3477 Appias,
1114 3409 1188 3460 τὸν
1179 3407 1305 3482 episopus

247 3487 362 3542 Somtis
379 3489 470 3560 genio,
488 3487 639 3542 semlatius
653 3487 753 3542 scribit.
798 3487 836 3550 ξίν
823 3507 861 3540 sos
878 3483 939 3539 issa
954 3505 995 3538 aar
987 3485 1090 3556 pilos,
1100 3489 1228 3545 inserebas
1239 3489 1307 3580 sopl-

246 3569 423 3630 -Charonia
437 3568 545 3622 Charon
558 3581 647 3622 autem
662 3580 755 3638 potens
798 3564 1307 3640 los.ErgoAtl1eniensisille,quiscrip·

247 3662 275 3703 et
286 3646 361 3703 dives
380 3649 431 3704 fuit
443 3647 560 3714 Thebis,
575 3647 621 3719 qui
644 3645 754 3708 domum
798 3645 960 3706 sit‚Archiss
976 3647 1097 3710 nomine,
1107 3657 1134 3698 et
1144 3645 1304 3718 hierophan-

247 3729 391 3802 oonjnratia
404 3729 550 3793 obtulerat,
561 3725 632 3780 etad
647 3727 756 3780 Platasas
798 3737 837 3778 tes
852 3737 923 3791 erats
938 3737 965 3777 et
977 3723 1036 3791 ille,
1057 3724 1101 3792 cui
1124 3725 1306 3795 scribebatur,

246 3807 533 3881 felicitsrpngnsverat.
540 3805 582 3860 Ad
588 3825 668 3879 quem
676 3808 756 3860 etiam
798 3804 909 3858 Archias
916 3803 1010 3870 enam,
1021 3803 1185 3856 Polsmsrchi
1196 3823 1306 3859 munere

245 3887 391 3944 Leuctrica
402 3902 497 3960 pugnus
512 3886 618 3942 laudem
629 3887 757 3941 Menecli-
798 3884 1089 3954 Thebisfungebstur.
1119 3883 1306 3956 Hierophautn

247 3965 293 4022 ‹les
307 3981 399 4022 orator
409 4005 411 4012 ·
421 3966 552 4020 insidiose
574 3965 755 4020 transferebat.
799 3977 888 4019 autem
902 3961 1049 4018 sacerdotes
1068 3975 1144 4015 erant
1162 3964 1306 4018 Athenien·

246 4047 511 4103 Plutarchusanotor.
519 4045 663 4100 Scuonua.
673 4046 757 4098 -Et
798 4045 883 4108 sium,
895 4043 941 4115 qui
952 4061 1087 4096 sacrorum
1099 4040 1226 4097 custodias
1238 4063 1305 4117 pra·

249 4139 336 4200 tempus
344 4141 368 4182 st
375 4129 433 4182 dies.
440 4125 539 4181 Etdiea
546 4139 573 4180 et
580 4138 684 4196 tempus
691 4123 755 4178 (liei.
799 4125 861 4178 lecti
870 4135 961 4190 erant,
970 4134 1009 4189 et,
1016 4135 1047 4175 ut
1058 4119 1133 4174 addit
1143 4123 1306 4190 Tuschuek„

286 4209 350 4263 Cas.
365 4208 416 4264 111.
435 4227 459 4262 ι.
473 4208 530 4260 Hoc
545 4209 597 4260 loeo
613 4205 670 4258 libet
682 4209 755 4258 inter·
800 4202 1308 4278 maximeessrimoniisllleusiniispra‘re·

1037 4305 1102 4389 11⁴
