3200 5130
456 479 892 548 THEMISTOCLEs.
1160 477 1207 552 35

141 640 334 718 tempontrn
352 619 523 690 historiam
536 617 754 713 reliquerunt,
773 635 806 688 et
819 619 965 711 ejusdem
982 619 1122 690 civitatis
1138 621 1207 692 suit

143 733 176 799 ls
187 729 367 814 autemut,
380 725 422 794 ed
433 723 664 796 ilrtniternem¹
674 750 751 794 enm
765 727 910 810 venisse,
926 739 1024 819 etque
1036 725 1087 794 his
1099 729 1208 798 verbis

141 833 316 931 epistolam
336 833 478 902 misisse:
498 830 767 900 «Themistocles
785 832 861 898 veni
875 830 917 900 ed
932 846 980 916 te,
997 833 1054 925 qui
1066 832 1208 926 plurima

143 939 229 1010 mela
242 942 392 1008 omnium
402 937 580 1031 Grajorum
593 939 627 1004 in
641 936 778 1006 domurn
789 952 879 1005 tuem
891 936 1000 1024 intuli,
1011 963 1113 1030 quum
1128 941 1208 1010 mihi

143 1071 278 1116 necesse
303 1044 364 1113 suit
385 1043 542 1114 adversus
563 1057 691 1137 petrem
716 1057 810 1111 tuum
835 1041 979 1129 bellare,
1000 1046 1207 1140 patriamque

143 1177 253 1222 meam
276 1148 460 1221 defendere.
481 1149 576 1218 Idem
595 1148 701 1219 multo
717 1147 812 1242 plura
831 1149 920 1218 bona
935 1147 1014 1234 feci,
1033 1166 1207 1244 postquam

145 1261 178 1328 in
192 1274 270 1329 tuto
283 1259 372 1352 ipse,
389 1270 423 1326 et
440 1254 493 1324 ille
511 1257 545 1323 in
560 1253 707 1350 periculo
721 1278 792 1324 esse
814 1256 921 1349 coepit„
943 1255 1029 1322 Nam
1051 1281 1153 1349 quum
1172 1260 1207 1326 in

145 1367 256 1436 Asiam
270 1365 392 1432 reverti
411 1345 538 1448 vellet³‚
555 1359 669 1456 praelio
689 1359 778 1455 epud
797 1359 960 1429 salamina
973 1360 1078 1448 faeto;
1093 1360 1207 1434 litteris

144 1496 220 1540 enni
243 1471 419 1540 certiorem
437 1468 518 1553 feei,
536 1466 570 1536 id
589 1467 657 1560 egi,
672 1481 710 1535 ut
720 1491 819 1561 pons,
836 1491 934 1560 quern
948 1467 981 1533 in
993 1466 1207 1563 Hellesponto

146 1577 283 1664 fecerat,
297 1573 544 1661 dissolveretur,
558 1571 707 1666 atqueeb
721 1572 871 1641 hostibus
884 1573 1128 1642 circumiretur:
1141 1601 1207 1669 quo

145 1687 264 1754 nuntio
285 1679 503 1775 illepericulo
519 1693 570 1748 est
588 1677 753 1748 liberatus.
773 1680 872 1748 Nunc
886 1692 997 1748 autern
1015 1679 1058 1748 ad
1076 1695 1108 1750 te
1127 1707 1206 1751 con·

137 1789 230 1884 lugi,
243 1773 445 1882 exagitatus⁴
461 1797 609 1854 acuncta
623 1786 768 1870 Graecia,
785 1798 876 1854 tuam
891 1798 1006 1878 petens
1017 1787 1207 1858 amicitiam:

143 1921 246 1988 quern
264 1896 292 1964 si
305 1919 363 1962 ero
376 1892 530 1986 adeptus,
544 1915 612 1960 uon
627 1892 735 1960 minus
753 1913 806 1960 rne
827 1889 953 1960 bonurn
970 1879 1130 1962 emicum⁵
1145 1894 1208 1964 bn·

147 2114 354 2186 snetornm‚qui
373 2113 480 2166 illorum
500 2123 651 2183 temporum
696 2113 782 2165 miner
807 2131 850 2166 mn
874 2113 986 2165 cerriere
1009 2114 1158 2186 politiqne,
1179 2129 1206 2170 et
1262 2150 1267 2160 ·

147 2195 284 2250 historism
297 2190 653 2266 reliquerunt,'1'hneydides
695 2193 785 2258 siens,
798 2210 900 2246 comme
916 2192 1122 2258 Temnum,
1132 2194 1205 2250 m'es-

147 2275 348 2346 pmximuseret
359 2291 470 2344 :nempe
482 2270 652 2344 quadriennis
696 2272 764 2326 seoir
773 2291 820 2325 sur
831 2271 868 2324 les
880 2273 967 2344 foyers
982 2269 1020 2326 du
1033 2274 1130 2345 peuple
1146 2275 1203 2328 bri·

147 2369 203 2409 ente
218 2354 405 2408 Themistoclis
419 2353 528 2405 exilium
540 2365 626 2404 natus.
695 2352 838 2423 tenuique;
849 2353 875 2423 je
889 2371 932 2406 me
946 2352 1020 2423 plece
1033 2353 1127 2408 sousle
1143 2373 1205 2426 pro·

184 2457 210 2490 2.
221 2437 391 2488 Artaxerxem.
405 2431 652 2498 Artaxerxes,lon-
696 2431 793 2484 teotion
803 2429 838 2484 de
851 2451 890 2484 ses
899 2431 961 2494 lois,
971 2445 997 2484 et
1009 2451 1044 2486 en
1055 2433 1167 2488 reclerne
1178 2435 1204 2488 le

145 2515 333 2587 penward
343 2512 426 2566 Xerxi
434 2512 503 2584 patri
522 2528 651 2564 successe·
695 2529 789 2562 seuve·
796 2508 876 2582 garde
890 2508 963 2564 deV.
972 2513 1003 2566 Α.
1014 2513 1045 2564 R.
1055 2531 1158 2567 comme
1166 2511 1203 2568 du

146 2607 191 2648 ret.
214 2595 299 2648 Porro
320 2593 391 2646 inter
405 2609 502 2644 nomen
517 2589 611 2644 Xerxis
626 2603 653 2644 et
693 2591 753 2659 plus
765 2591 901 2660 puissent,
914 2588 951 2642 du
966 2590 1026 2661 plus
1041 2605 1162 2647 constent
1177 2607 1204 2648 et

146 2674 294 2728 Artaxerxis
313 2673 365 2726 hoc
390 2671 498 2724 interest
522 2667 652 2722 discrimi·
694 2663 802 2740 duplus
815 2671 946 2740 genereux
958 2665 992 2720 de
1005 2687 1060 2722 mes
1073 2673 1201 2726 ennemis.

147 2754 200 2820 nis,
212 2751 286 2826 quod
302 2751 413 2806 alterurn
428 2751 461 2802 ab
477 2750 558 2802 altero
579 2747 651 2802 deri·
757 2803 762 2813 ,
966 2745 1122 2802 Nsroxnon.

147 2847 232 2900 tetur,
243 2851 306 2886 cnm
319 2829 499 2884 additamento
510 2829 556 2882 illo
568 2829 652 2882 hono·
735 2827 761 2880 3.
771 2827 859 2878 Vellet.
867 2825 968 2880 Xerxes
979 2826 1059 2892 enim,
1069 2840 1128 2881 ente
1135 2848 1202 2882 nun·

146 2911 217 2966 rifieo
229 2915 293 2974 Art,
302 2908 374 2982 quod
384 2908 492 2982 quidem
504 2906 575 2982 apud
587 2908 650 2961 Per·
693 2905 761 2958 tium
780 2925 793 2958 e
811 2905 988 2960 Themistocle
1009 2907 1131 2974 missurn,
1146 2912 1201 2980 jam

146 3009 196 3057 ses,
205 2991 339 3066 Hesychio
353 2992 509 3062 interprete,
522 2987 650 3058 significet
693 2983 727 3038 de
741 2985 829 3041 reditu
845 3005 893 3040 suo
910 2986 1084 3058 cogitaverat,
1096 2987 1135 3040 nti
1154 3007 1200 3060 ep·

147 3073 313 3142 mgnumite
323 3083 354 3122 ut
367 3071 521 3122 Artaxerxes
531 3067 564 3119 sit
576 3067 651 3138 qussi
692 3079 768 3138 paret
782 3055 854 3138 apud
870 3063 998 3118 Herodot.
1014 3085 1045 3118 ex
1057 3067 1124 3120 serie
1138 3087 1199 3121 ner·

148 3167 241 3220 negem
257 3151 367 3203 domitor.
381 3145 458 3204 Adde
476 3159 595 3200 nostruin
611 3147 650 3200 De
693 3145 810 3200 ran'onis.
833 3142 961 3211 Quaedem
979 3143 1108 3200 editiones
1126 3148 1201 3200 nollet

149 3230 250 3297 ngttm,
271 3231 293 3283 1.
305 3260 346 3272 —
359 3228 503 3298 Epistulam.
526 3225 650 3298 Sequitur
692 3223 791 3278 babent
801 3225 956 3278 inconsulte.

149 3305 293 3378 Thucydid
306 3309 333 3373 1,
349 3307 412 3378 137.
423 3307 485 3360 Hac
496 3318 582 3358 autern
595 3305 650 3375 regi
734 3311 760 3368 4.
778 3305 935 3374 Brogitarus.
958 3305 1108 3360 Transletio
1124 3326 1139 3359 e
1153 3326 1200 3362 re-

149 3387 234 3456 ipsum
254 3387 396 3459 increpanti
412 3383 577 3458 respondisse
599 3385 650 3450 nit,
693 3383 847 3452 ueteribus,
862 3385 908 3456 qui
930 3398 1047 3438 exactam
1068 3385 1199 3442 cubilibus

139 3467 220 3538 'spise
233 3484 279 3535 19,
288 3463 651 3520 Pseudo-Themistocles-
693 3463 746 3516 suis
756 3463 837 3515 serem
847 3463 940 3515 nullibi
952 3464 1090 3534 potiuntur
1101 3469 1199 3520 consis-

151 3545 312 3599 Tltemistocles
326 3551 384 3600 veni
396 3540 650 3606 adte,etc.1tned
693 3555 764 3610 tere,
777 3539 861 3595 donec
879 3543 907 3594 in
928 3556 1083 3614 potestatem
1102 3547 1198 3599 veniet.

147 3627 305 3700 principem,
316 3645 365 3698 pro
374 3637 497 3696 tegetum
508 3623 650 3676 Britannia
693 3617 815 3684 Ovidius,
823 3625 880 3675 Art.
893 3634 970 3674 emet.
980 3623 1037 3688 111,
1046 3625 1100 3676 662
1110 3642 1117 3675 ι

146 3723 219 3778 regna
231 3703 477 3768 administrantem,
490 3703 607 3774 Napoleo
620 3720 628 3754 ε
719 3707 745 3747 Et
754 3707 810 3762 lep-s
820 3706 852 3746 tie
866 3705 909 3744 alii·
921 3709 1027 3759 augium
1037 3709 1082 3746 erte.
1092 3707 1199 3746 Gnnn.

372 3791 406 3848 16
423 3783 509 3836 Juttler
525 3781 607 3837 1815.
735 3779 760 3833 5.
774 3779 831 3832 Nou
843 3782 919 3830 minus
933 3798 968 3828 me
980 3777 1064 3829 houm
1078 3782 1195 3842 amicum,

197 3867 341 3918 Aerem
357 3865 507 3930 horsus,
691 3871 741 3912 etc.
758 3859 819 3912 Non
841 3857 883 3909 his
903 3857 990 3908 verbis
1013 3855 1198 3927 Thucydides,

178 3943 219 3996 En
235 3945 314 3998 butte
329 3963 380 3996 sux
392 3943 503 3998 sections
517 3941 563 4013 qui
580 3938 648 3991 divi·
692 3958 771 4012 quern
794 3934 827 3988 ed
848 3935 1123 4009 verbum'exprimere
1143 3957 1197 3992 non

144 4036 196 4076 sent
207 4041 251 4078 ms
263 4023 350 4096 patrie
363 4036 390 4077 et
401 4042 450 4076 eux
460 4019 590 4076 hostilites
601 4015 647 4071 des
691 4037 752 4072 sane
771 4013 908 4070 dedecebit
921 4034 927 4067 :
939 4041 951 4062 ι
962 4013 1151 4071 Themistocles
1165 4017 1198 4072 sd

143 4103 289 4170 prissanees
302 4101 336 4158 de
350 4101 487 4174 l'Europe,
498 4099 542 4174 j’ai
551 4097 588 4152 dt
598 4111 648 4152 ter·
692 4111 718 4151 te
733 4096 827 4162 venio,
842 4094 889 4166 qui
909 4113 941 4148 ex
960 4093 1083 4150 omnibus
1098 4095 1197 4152 Grecis

977 4207 1017 4276 3.
