3200 5130
390 493 437 568 50
652 490 921 560 CORNELII
947 490 1183 562 NEPOTIS

389 622 584 696 sollicitare⁹
603 648 661 721 spe
679 623 838 692 libertatis
859 622 1115 696 existimabatur.
1135 623 1215 712 Sed,
1232 625 1322 720 quod
1334 626 1454 700 barum

389 757 501 803 rerum
523 729 650 800 nullum
679 745 750 798 erat
770 741 922 824 apertum
949 731 1097 818 crimen,
1120 756 1187 826 quo
1212 735 1305 826 argui
1326 751 1456 827 posset,

389 864 457 908 non
471 837 632 934 putabant
645 837 686 905 de
700 834 758 905 tali
776 851 909 930 tamque
917 834 1008 905 claro
1015 837 1087 904 viro
1098 838 1338 933 suspicionibus
1350 864 1456 934 opor-

388 961 459 1014 tere
468 943 611 1037 judicari
619 941 655 1030 ¹⁰,
661 942 720 1013 sed
728 941 985 1037 expectandum,
998 941 1079 1012 dum
1094 945 1213 1038 seipsa
1229 969 1281 1014 res
1297 947 1453 1040 aperiret.

441 1053 501 1120 lv.
529 1050 669 1118 Interim
694 1047 837 1143 Argilius
870 1047 1003 1142 quidam
1030 1047 1294 1120 adolescentulus
1308 1049 1330 1137 ¹,
1355 1076 1455 1146 quern
1541 1115 1544 1120 .

390 1181 530 1252 puerum
548 1157 726 1226 Pausanias
741 1179 854 1223 amore
869 1179 1012 1224 venereo
1027 1152 1202 1242 dilexerat,
1215 1180 1318 1250 quum
1333 1159 1454 1251 episto·

390 1263 456 1332 lam
473 1263 516 1331 ab
534 1287 574 1331 eo
588 1262 629 1330 ad
646 1260 847 1330 Artabazum
864 1261 1059 1355 accepisset,
1070 1262 1165 1356 eique
1181 1264 1215 1330 in
1233 1264 1455 1359 suspicionem

390 1371 554 1456 venisset,
577 1366 700 1462 aliquid
718 1367 753 1434 in
774 1365 873 1435 eade
893 1390 927 1436 se
949 1391 1020 1438 esse
1041 1369 1215 1463 scriptum,
1239 1369 1329 1463 quod
1355 1394 1456 1440 nemo

389 1499 505 1544 eorum
522 1472 688 1560 rediisset,
705 1474 762 1568 qui
776 1497 876 1568 super
893 1472 950 1542 tali
970 1497 1069 1544 causa
1091 1473 1209 1544 eodem
1229 1476 1318 1544 missi
1343 1491 1457 1562 erant3

389 1579 521 1650 vincula
542 1577 686 1674 epistolae
715 1577 853 1663 laxavit,
876 1579 1036 1674 signoque
1059 1579 1209 1651 detracto
1230 1583 1406 1675 cognovit,
1429 1585 1458 1652 si

390 1683 595 1780 pertulisset,
614 1685 674 1753 sibi
687 1707 758 1754 esse
770 1685 986 1780 pereundum.
1001 1689 1109 1755 Erant
1121 1688 1155 1755 in
1169 1686 1284 1758 eadem
1298 1687 1456 1782 epistola,

390 1816 463 1886 quae
474 1783 883 1886 adeapertinebant,quae
895 1793 980 1860 inter
989 1817 1101 1887 regem
1111 1795 1371 1889 Pausaniamque
1379 1819 1458 1864 con·

390 1911 557 1966 venerant.
575 1900 644 1965 Has
657 1895 711 1965 ille
725 1895 849 1966 litteras
865 1898 997 1992 ephoris
1009 1897 1152 1968 tradidit.
1168 1901 1248 1968 Non
1259 1914 1310 1969 est
1321 1915 1457 1995 praeter·

391 2003 499 2080 eundo
514 2001 676 2097 gravitas²
685 2001 1011 2077 Lacedaemoniorum
1023 2005 1089 2078 boc
1102 2003 1177 2074 loco
1186 2030 1194 2073 ε
1204 2029 1281 2076 nam
1297 2031 1340 2074 ne
1356 2007 1457 2101 hujus

432 2225 460 2274 9.
480 2203 624 2260 Sollicitare.
637 2207 758 2259 Verbum
778 2207 807 2258 in
821 2206 902 2260 moti·
945 2208 1102 2280 interpretes
1114 2209 1199 2263 ferret
1207 2206 1372 2281 disceptatio.
1384 2209 1458 2262 Neu·

393 2283 772 2356 bus,seditionibusquehaud
778 2285 901 2340 insolens.
946 2299 987 2340 tra
1001 2287 1095 2360 opinio
1108 2288 1207 2359 linguae
1220 2307 1270 2342 usu
1284 2286 1458 2352 destimitur,

397 2391 407 2412 ι
426 2365 539 2418 Catilina
558 2362 682 2418 credebat
699 2382 776 2436 posse
797 2367 904 2419 servitia
946 2385 1029 2438 quum
1042 2368 1135 2438 «ἀνὴρ
1143 2365 1457 2439 Graecinominibuspro-

393 2443 635 2496 urbanasollicitare.
646 2444 726 2496 -Sell
735 2445 903 2500 cmxxiv.
945 2447 1012 2519 priis
1026 2447 1125 2518 passim
1139 2459 1303 2519 preponent.
1312 2444 1454 2519 Quidquid

392 2522 478 2588 Idem,
487 2520 553 2576 ibid.
562 2524 821 2578 mun-Interea
830 2525 905 2578 tarn-
946 2539 998 2591 εει,
1008 2525 1132 2598 equidem
1142 2539 1209 2599 puto
1219 2527 1286 2598 Nep.
1299 2525 1333 2579 de
1343 2526 1457 2598 proprio

393 2603 443 2656 lius
459 2603 486 2654 in
507 2603 613 2655 Etruria
625 2603 730 2675 plebem
745 2605 900 2656 sollicitare·
946 2605 1063 2658 bominis
1081 2606 1190 2658 nornine
1210 2605 1374 2660 intellexisse.
1393 2607 1456 2659 Trs.

394 2683 444 2735 Et:
456 2707 467 2728 ι
478 2683 581 2752 Leptis
587 2682 773 2754 Allobrogum,
783 2684 831 2756 qui
845 2697 904 2745 tum
946 2717 987 2728 —
996 2685 1109 2738 Verrem.
1121 2681 1233 2738 natat
1243 2705 1306 2739 nors
1319 2685 1350 2738 irs
1367 2687 1458 2750 αὐτοῦ,

394 2761 463 2814 forte
476 2760 598 2830 aderant,
608 2763 637 2815 in
650 2781 721 2816 arma
735 2763 879 2818 erubueris.
889 2789 900 2810 ι
947 2765 1032 2818 Thuc.
1041 2766 1069 2831 l,
1080 2765 1144 2819 13².
1156 2766 1196 2818 De
1208 2783 1298 2818 amore
1308 2765 1395 2817 minus
1404 2764 1457 2817 bo·

393 2841 556 2907 Florus,IV,
565 2841 823 2912 r-Bell.Cat-Spe
833 2843 904 2895 iiber-
947 2857 1038 2910 nesto,
1048 2843 1102 2897 vid.
1118 2845 1222 2898 Prasias.
1235 2855 1292 2899 not.
1299 2875 1340 2887 -
1350 2845 1458 2898 Vincula

396 2925 460 2973 tetri.
470 2921 505 2972 Et
511 2922 638 2983 civitatis,
646 2939 724 2990 quam
733 2921 785 2974 illis
795 2921 904 2992 pollice·
947 2923 1053 2993 epistola
1062 2923 1162 2978 laxavit.
1169 2925 1355 2978 Veteresenim
1361 2925 1457 2977 rincu-

395 3000 489 3064 batur‚
507 3001 529 3051 si
551 3017 604 3052 una
628 3011 814 3070 exsurgerent,
828 3014 855 3054 et
876 3002 904 3054 in
947 3002 980 3054 lis
998 3001 1140 3074 aliquando
1152 3003 1274 3075 epistolas
1287 3004 1456 3074 colligabant.

396 3078 469 3130 omni
487 3078 596 3147 negotio
615 3076 781 3131 conficiendo
797 3078 905 3150 adjura·
947 3081 1038 3134 Minus
1050 3095 1121 3136 recte
1134 3083 1257 3156 plurimae
1270 3082 1345 3136 editt.
1357 3083 1458 3136 babent

396 3170 465 3210 rent.
478 3155 665 3228 Thucydides,
678 3158 738 3210 loco
750 3158 840 3212 citato.
948 3163 1069 3214 Ιασινανὶῐ.
1088 3193 1129 3205 --
1148 3162 1270 3234 Sigeaque
1288 3164 1404 3215 denaeto.
1418 3163 1459 3216 Si·

440 3235 669 3306 ro.Srupieiorribas
677 3249 784 3306 oportere
788 3237 905 3308 judicari.
946 3259 1008 3310 pre,
1019 3241 1048 3295 id
1059 3242 1340 3314 est,sigillo,epistolst
1345 3243 1457 3296 cuilibet

397 3313 540 3384 Nunquam
549 3315 619 3366 enirn
628 3334 742 3387 propere
749 3314 783 3369 de
796 3317 905 3372 bomine
948 3321 1084 3393 impresso.
1100 3353 1141 3365 -··
1155 3323 1307 3384 Pertalisset,
1320 3322 1360 3374 uti
1375 3322 1457 3374 reddi·

395 3393 541 3464 Spartano,
562 3394 614 3446 nisi
630 3396 781 3450 certissimis
800 3396 906 3452 indiciis
948 3400 1032 3462 disset,
1041 3400 1121 3454 verbe
1133 3402 1162 3453 in
1173 3401 1223 3456 buc
1235 3421 1266 3455 re
1277 3402 1373 3455 usitata
1384 3413 1456 3455 sunt.

397 3469 904 3546 adducti,acerbiusaliquidstatuebent.
947 3479 1085 3551 ‘sumplus
1093 3481 1458 3552 quemperiectinsusnotan·

396 3550 467 3606 t'irte
480 3552 653 3606 Plutarchum
665 3555 694 3606 in
707 3555 835 3626 Agesilao.
947 3557 1458 3632 dus,ubinosimperfectoutisolernus,

437 3632 503 3686 Car.
515 3633 565 3684 IV.
579 3651 601 3686 1.
613 3633 727 3704 Argilius
738 3635 835 3707 quidam
848 3637 907 3688 ado·
947 3638 1037 3690 mirans
1055 3639 1092 3692 sic
1115 3638 1223 3710 qrridem
1242 3651 1370 3694 accurate.
1384 3641 1454 3694 Tzs.

397 3713 543 3764 lescentrrlas.
556 3711 749 3785 Thucydidi,
765 3715 818 3768 132
828 3753 836 3782 ,
846 3717 904 3786 trip
990 3737 1015 3771 ι.
1028 3717 1151 3772 Gravitas.
1162 3716 1235 3785 Quid
1246 3721 1280 3773 sit
1289 3720 1403 3791 gravitas
1414 3738 1458 3773 ex·

395 3784 504 3863 Ᾰργὶλιος
519 3811 527 3846 :
541 3792 606 3857 nbi,
628 3805 736 3846 notante
753 3794 905 3860 scholiaste,
947 3796 1029 3868 plicat
1042 3797 1120 3852 Petit.
1129 3799 1180 3864 tv,
1191 3801 1300 3852 miscell.
1313 3801 1417 3853 observ.
1431 3817 1456 3852 c.

396 3871 441 3923 elii
455 3890 553 3925 nomen
568 3874 724 3944 proprium
739 3873 796 3934 alii,
808 3875 905 3945 quibus
950 3877 984 3941 3,
997 3889 1024 3931 et
1035 3892 1157 3932 nostrum
1170 3879 1282 3950 Nepotis
1294 3879 1384 3932 locum
1399 3879 1456 3932 lau·

396 3949 453 4019 ipse
468 3949 569 4004 accedit
578 3953 690 4024 ,gentile
702 3953 735 4006 eb
746 3954 812 4006 urbe
821 3954 906 4007 Thra·
948 3952 1009 4010 dat:
1025 3983 1037 4005 ι
1050 3957 1181 4020 Gravitas,
1192 3959 1280 4029 inquit
1288 3997 1295 4026 ‚
1302 3958 1409 4011 babitus
1417 3969 1458 4010 est

396 4027 442 4084 cira
458 4029 500 4081 vel
516 4029 693 4097 Macedoniae,
709 4032 824 4104 Argileti,
842 4051 904 4088 ceu·
948 4037 1056 4102 mentis,
1068 4055 1120 4108 qua
1132 4037 1191 4109 quis
1205 4055 1292 4109 neque
1306 4038 1383 4090 facile
1396 4036 1456 4107 opi·

395 4120 512 4162 suerunt.
535 4109 635 4164 Eadem
652 4112 697 4166 bic
720 4111 790 4166 inter
811 4111 904 4168 doctos
947 4114 1456 4188 ninnicnidsrnassentitur‚nequeitem
