3200 5120
503 503 566 573 ur
596 477 828 573 iuniori.
1099 531 1199 580 nvn

135 640 333 712 movebatur
350 637 399 723 is,
418 660 516 730 quern
537 635 636 705 modo
657 636 932 723 commemoravi,
960 636 1200 731 Robortellus;

136 751 162 818 si
180 749 255 841 quis
274 769 331 815 eos
348 756 472 810 attente
493 741 596 837 leget,
613 740 787 836 intelliget,
805 765 872 809 non
890 757 1075 829 auctorem,
1096 760 1143 832 et,
1162 763 1200 816 ut

136 856 182 923 ita
199 853 323 937 dicam,
340 863 509 944 parentem
525 848 599 917 libri
615 847 806 942 significari,
822 846 878 916 sed
893 850 1086 943 scriptorem
1101 850 1198 922 libra-

137 962 242 1045 rium,
256 957 290 1025 id
309 970 373 1043 est,
392 979 485 1042 eum,
503 957 560 1048 qui
577 977 676 1022 manu
698 943 924 1047 descripserit,
943 978 1130 1052 quanquam
1145 957 1198 1026 di-

140 1079 227 1134 serte
245 1063 323 1131 dicit
341 1085 411 1130 esse
429 1061 629 1155 descriptum
653 1084 673 1127 a
692 1059 814 1145 tribus,
839 1081 919 1146 avo,
941 1075 1046 1129 matre
1065 1077 1101 1130 et
1120 1062 1197 1134 filio.

138 1169 204 1240 Sed
225 1181 358 1263 praestat
374 1148 488 1236 versirs
504 1166 705 1252 adscribere,
718 1179 756 1233 ut
773 1163 877 1234 lector
891 1165 1037 1235 eruditus
1055 1181 1089 1234 et
1109 1169 1198 1263 inge·
1321 1219 1324 1228 ,
1401 1178 1405 1186 ’

139 1277 250 1371 niosus
275 1275 435 1343 continuo
456 1297 516 1367 per
541 1297 576 1342 se
597 1270 779 1364 intelligat,
799 1269 985 1342 unde'nata
1008 1275 1049 1341 sit
1066 1272 1199 1368 vulgata

140 1383 270 1476 opinio,
281 1377 446 1448 AErnilium
460 1379 604 1447 Probum
619 1402 690 1447 esse
704 1377 801 1470 hujus
816 1375 890 1445 libri
902 1391 1085 1446 auctorem:
1100 1381 1200 1449 Vade

140 1488 234 1572 liber,
256 1500 318 1554 etc.
334 1477 379 1580 (p.
396 1477 469 1573 xx).
483 1485 567 1573 Quis
585 1508 653 1552 non
670 1483 777 1569 videt,
795 1481 856 1551 bos
874 1507 987 1553 versus
1008 1509 1076 1552 non
1093 1484 1198 1555 solum

142 1592 359 1687 inelegantes,
374 1591 522 1684 ineptos,
543 1604 576 1659 et
590 1587 675 1658 male
694 1602 809 1675 natos,
830 1611 945 1656 verum
968 1591 1066 1658 etiam
1082 1591 1124 1660 ab
1142 1591 1199 1660 ali-

141 1725 207 1793 quo
225 1696 390 1766 nebulone
414 1695 547 1765 indocto
572 1709 607 1763 et
629 1694 792 1775 barbaro,
816 1707 891 1781 aut,
909 1719 951 1763 ne
969 1694 1048 1789 quid
1068 1699 1200 1790 gravius

141 1805 272 1887 dicam,
294 1827 313 1871 a
335 1803 494 1896 scriptore
517 1800 652 1870 librario
675 1801 730 1869 vir
749 1799 950 1888 sernidocto,
973 1825 1044 1870 esse
1070 1802 1201 1873 factos?

142 1935 285 2005 quorum
308 1910 336 1978 si
355 1907 453 1977 velim
475 1906 603 2002 singula
625 1907 726 1976 verba
740 1907 836 2000 justis
857 1906 1058 2000 ponderibus
1079 1911 1201 1978 exauri-

144 2032 272 2086 nareet
282 2013 435 2110 syllabas,
450 2013 615 2109 pedesque
630 2013 787 2100 dimetiri,
801 2026 835 2081 et
851 2013 1045 2081 senteutiam
1061 2039 1199 2110 perpen-

144 2123 238 2209 dere,
252 2119 287 2191 et
303 2123 382 2189 vitia
395 2123 507 2190 omnia
523 2120 641 2214 digito,
657 2119 825 2187 autetiam
843 2127 926 2186 nutu
943 2118 1087 2188 indicere
1101 2146 1110 2208 ;
1124 2147 1200 2216 pro-

147 2229 221 2297 bem
240 2227 451 2322 quantumvis
470 2241 528 2295 aut
545 2226 730 2321 pervicaci,
748 2238 805 2302 aut
825 2223 953 2312 hebeti,
974 2225 1090 2320 dignos
1110 2251 1201 2314 esse,

147 2335 200 2428 qui
227 2334 391 2403 levissimo
416 2331 511 2402 alicui
538 2347 573 2401 et
595 2330 749 2400 vilissimo
774 2327 1022 2426 ludimagistro,
1046 2357 1202 2404 versuum

147 2439 397 2509 scribendorum
421 2439 590 2534 prurigine
618 2453 774 2532 perusto,
799 2451 833 2506 et
860 2437 1010 2507 versibus
1040 2439 1201 2510 inscitiam

148 2560 244 2640 atque
255 2546 460 2615 inscientiam
474 2569 567 2614 suam
580 2543 734 2614 omnibus
747 2541 938 2630 declaranti‚
948 2541 1028 2612 nihil
1045 2560 1203 2640 praeterea

149 2653 346 2748 assequenti,
360 2677 417 2721 seu
432 2653 541 2747 potius
555 2675 661 2746 coquo
677 2647 812 2745 fuligine
829 2663 1001 2743 cooperto,
1016 2665 1050 2718 et
1062 2654 1204 2721 immun·

148 2755 225 2826 ditie
242 2757 457 2852 sordibusque
479 2759 608 2852 popinae
629 2755 796 2850 squalido,
818 2755 1013 2824 tribuantur.
1036 2759 1204 2828 Hactenus

149 2864 248 2956 igitur
272 2865 314 2934 de
337 2880 508 2959 ternpore,
529 2879 562 2933 et
582 2877 676 2934 aetate
694 2863 797 2933 nostri
820 2863 989 2957 scriptoris
1011 2861 1052 2931 sit
1073 2864 1206 2934 anobis

149 2968 360 3064 disputatum.
371 2973 469 3039 Nunc
482 2969 525 3038 de
538 2973 685 3056 nomine,
694 2994 751 3040 seu
765 2968 951 3037 nominibus
965 2968 1143 3039 videamus.
1157 2971 1205 3040 Ac

151 3075 294 3169 primurn
314 3077 357 3145 ab
379 3077 522 3146 AEmilrb
546 3077 675 3145 initium
702 3098 879 3145 sumamus.
907 3077 1068 3144 AEmr'lritr
1088 3077 1206 3170 igitur,

151 3205 229 3266 seu,
249 3196 288 3250 ut
305 3181 361 3250 alii
379 3183 544 3270 scribunt,
565 3183 742 3268 Aimr'lius,
758 3205 879 3250 nornen
896 3195 946 3249 est
957 3180 1095 3275 gentile,
1109 3181 1206 3276 idque

151 3289 399 3381 perantiquum,
420 3302 454 3356 et
474 3286 569 3356 valde
587 3284 720 3372 nobile,
738 3301 853 3356 notum
873 3286 1013 3379 denique
1034 3289 1206 3378 omnibus,

150 3394 205 3486 qui
229 3391 329 3462 libros
347 3395 481 3476 Intinps
502 3392 554 3462 vel
574 3395 709 3463 summis
730 3393 839 3488 digitis
859 3395 1045 3487 attigerunt.
1062 3395 1207 3465 Fuerunt

152 3499 239 3566 enim
268 3501 404 3568 AEmrlir'
421 3499 602 3586 barbate,
630 3499 894 3593 AEmrliirPapi,
921 3501 1056 3568 AEmt'lti'
1074 3501 1204 3590 Pauli,

153 3605 289 3672 AEnu'lr'i
308 3605 435 3700 Lepidi.
462 3605 596 3676 Probus
626 3619 736 3673 autem
757 3629 941 3701 cognomen
973 3619 1042 3694 est,
1069 3605 1102 3674 id
1135 3622 1207 3695 est,

153 3707 283 3778 familiae
305 3735 447 3799 nomen,
468 3713 608 3805 antiquis
629 3711 795 3805 ignotum,
816 3725 849 3779 et
869 3712 1102 3805 posterioribus
1120 3726 1206 3780 terrr-
1262 3727 1269 3742 ’

154 3816 309 3908 poribus,
331 3816 449 3910 quibus
477 3818 538 3886 sub
558 3817 653 3886 unius
676 3817 811 3886 arbitrio
829 3831 863 3886 et
882 3829 1042 3910 potestate
1063 3841 1114 3886 res
1140 3820 1206 3888 Ro·

156 3943 276 4009 mana,
301 3936 399 4016 atque
425 3923 507 3992 adeo
535 3923 624 3992 orbis
648 3937 810 3992 terrarum
839 3921 1054 4009 vertebatur,
1081 3937 1204 3993 natum.

157 4025 255 4096 Extat
270 4031 406 4098 Ausonii
421 4029 571 4123 epistola,
584 4029 698 4098 ordine
711 4027 847 4114 XVIII,
857 4051 897 4096 err
912 4027 1052 4096 editione
1063 4029 1208 4100 Christo

156 4131 252 4226 pheri
265 4133 425 4226 Plautini,
438 4135 480 4206 ad
486 4134 634 4208 Probum
648 4135 822 4234 quemdam
836 4133 1027 4234 prefectum
1040 4139 1210 4236 praetorio,
