3282 5156
499 493 959 564 OBSERVATIONES.
1180 493 1254 568 333

196 622 295 676 neniae
308 621 411 690 Fertor.
427 621 485 674 Vox
503 619 566 675 inde
579 619 613 674 ad
625 621 781 694 scripturam
791 623 872 676 relata
885 623 1014 694 significat
1025 622 1142 696 Concept,
1156 625 1256 680 Danice

198 701 306 762 Udiua,-
325 701 353 752 in
367 701 446 754 rebus
456 699 572 772 denique
582 699 750 772 judicialibus
760 705 899 754 scrutantium
912 703 1000 756 verbis
1013 717 1183 776 conceptam,
1196 725 1256 778 que

195 780 301 853 praelegi
314 777 438 833 damano
450 780 528 847 solet,
549 794 691 852 posteaque
709 781 806 834 tabulis
821 781 935 853 publicia
951 782 1050 836 inferri.
1071 781 1180 855 Optime
1193 771 1264 837 illus

195 871 293 914 stratur
299 859 423 913 translata
433 860 488 913 hec
495 858 651 931 significatio
661 860 721 912 loco
728 860 862 914 Ciceronis
875 861 902 913 in
911 862 1084 928 Verrem,111,
1093 881 1143 933 79:
1154 864 1254 917 Eorum

195 939 336 992 hominnm
349 933 530 1002 (scribarum)
543 939 608 993 fidei
619 940 715 992 tabule
730 939 858 1012 publicae,
873 941 1034 1012 periculaque
1055 942 1254 1012 magistratuum

196 1019 406 1074 committamur.

236 1099 330 1152 Caton.
349 1099 389 1162 11,
410 1097 449 1150 3:
475 1099 517 1150 ιΑ
532 1099 623 1150 multis
638 1109 755 1160 tentatus,
776 1117 832 1151 non
845 1097 926 1151 modo
944 1099 1048 1152 nullum
1067 1097 1257 1154 detrimentum

201 1176 419 1230 «existimationis
427 1175 504 1242 fecit,
515 1175 575 1243 red,
588 1175 676 1248 quoad
689 1177 768 1242 vixit,
776 1177 906 1230 virtutum
918 1176 997 1232 laude
1008 1179 1099 1232 crevit.
1111 1204 1122 1226 ι
1142 1181 1257 1233 Tentetns
1364 1243 1366 1247 ι

196 1257 242 1311 laio
256 1255 327 1310 idem
339 1255 498 1328 significare,
509 1274 539 1310 ac
551 1261 577 1308 ira
583 1257 701 1327 judiciem
713 1268 825 1320 vorotm,
838 1276 880 1310 res
892 1257 948 1330 ipsa
964 1257 1049 1312 docet.
1061 1257 1113 1312 Sed
1125 1259 1211 1312 rarior
1219 1273 1259 1314 est

197 1356 274 1399 urus,
292 1348 319 1389 et
333 1353 395 1389 eum
407 1353 456 1388 nec
469 1354 484 1388 a
498 1335 618 1390 Gesnero
631 1335 789 1407 explicatum
804 1333 892 1390 rideo.

235 1415 314 1469 Attio.
323 1415 431 1481 XVIII,
448 1433 483 1469 a:
505 1414 547 1469 Sic
559 1414 718 1468 familiarum
734 1415 863 1486 originem
882 1415 1009 1470 rubraue.
1030 1416 1173 1471 Subtexere
1184 1430 1271 1471 notat.

199 1495 323 1557 ωιωοόιη,
344 1495 386 1548 vel
406 1493 478 1567 quod
498 1495 578 1548 etiam
596 1494 763 1548 aGermanis
778 1492 810 1546 ad
824 1496 961 1548 materiam
984 1497 1012 1548 in
1033 1497 1106 1550 libris
1121 1508 1257 1550 tractatam

198 1575 363 1640 transfertur,
375 1574 443 1626 duria
456 1575 585 1626 «niwelen.
600 1573 644 1627 Sic
654 1573 762 1627 Lirim:
776 1573 898 1628 Subtcxit
909 1573 1006 1628 deinde
1018 1575 1112 1628 fabule
1122 1576 1196 1638 huic,
1208 1589 1258 1630 etc.

198 1655 290 1709 Innuit
302 1653 454 1717 Comelim,
472 1653 591 1706 Atticum
603 1653 689 1719 libro,
711 1671 765 1724 quo
786 1654 951 1723 magistratus
966 1655 1090 1720 ornabat,
1105 1673 1148 1709 res
1164 1675 1259 1727 genea-

197 1735 292 1806 logico
311 1733 375 1787 scite
389 1731 564 1786 admiscuisse.
590 1731 652 1786 Non
670 1733 755 1786 solum
775 1732 842 1786 hano
861 1733 1078 1806 rignificationem
1095 1753 1150 1787 non
1165 1733 1262 1788 enoda·

198 1827 251 1867 tam
268 1811 347 1866 rideo
361 1833 376 1866 a
388 1811 660 1875 commentatoribus,
680 1810 820 1866 sedetiam
837 1813 864 1865 in
880 1811 967 1866 indice
989 1813 1125 1866 latinitatis
1147 1815 1259 1868 Bosiano

199 1894 263 1946 ialso
285 1893 447 1965 explicatam.

240 1972 319 2026 Attio.
334 1973 389 2036 IX,
409 1990 434 2037 r,
445 1971 493 2024 cfr·
507 1970 722 2038 xvl,3,utitur
740 1983 832 2024 auctor
850 1989 915 2024 voce
935 1970 1100 2034 dr'vr'aotiom's,
1117 1990 1150 2026 eo
1169 1991 1259 2040 sensu,

199 2071 253 2124 quo
270 2053 347 2123 longe
361 2051 434 2103 abest
447 2067 462 2102 a
475 2047 638 2102 divinatione
652 2050 697 2102 illa
711 2050 907 2121 superstitiosa,
921 2068 1000 2121 quam
1013 2052 1134 2104 amabant
1145 2065 1260 2118 veteres,

200 2144 226 2186 et
244 2150 323 2203 quam
338 2129 431 2200 religio
443 2129 592 2182 Christiana
611 2128 655 2180 vix
669 2126 776 2182 tandem
796 2127 929 2182 eradicare
943 2130 1039 2200 potuit.
1060 2130 1156 2184 Mutuo
1175 2149 1203 2184 se
1218 2151 1261 2186 ex·

199 2212 299 2284 plicant
311 2210 340 2261 hi
353 2206 408 2260 duo
421 2207 489 2272 loci,
503 2220 530 2259 et
538 2217 685 2258 monstrant
700 2219 849 2274 auctorem,
857 2225 936 2278 suprs
943 2209 1059 2261 seculum
1069 2227 1147 2262 suum
1157 2211 1260 2281 rapien-

201 2303 270 2352 tem,
290 2305 385 2358 parum
408 2287 530 2340 tribuisse
549 2285 740 2356 superstitioni,
768 2287 882 2339 multum
902 2305 965 2339 aero
985 2285 1133 2358 prudentie
1151 2300 1177 2341 et
1196 2307 1260 2342 con·

201 2367 316 2431 stratio,
339 2379 365 2418 et
384 2363 542 2430 credidisse,
562 2365 590 2416 in
610 2364 652 2416 lais
670 2364 813 2418 virtutibus
833 2365 981 2436 conjunctis
998 2383 1088 2417 veram
1108 2367 1185 2420 sitam
1206 2387 1261 2422 esse

202 2444 340 2500 divinandi
355 2458 450 2503 artem,
465 2443 494 2498 id
513 2456 568 2508 est,
584 2441 764 2514 prospiciendi
778 2443 829 2497 sibi
849 2445 877 2496 in
888 2445 967 2496 rebua
978 2442 1102 2498 adversis.

438 2598 499 2666 lv.
527 2593 788 2666 Observationes
810 2600 1027 2690 autz'quarr'oe.

258 2757 422 2828 stragalum
434 2765 460 2806 et
471 2749 655 2805 admirandam
674 2751 714 2802 rei
731 2750 885 2821 antiquari·
900 2769 1008 2823 operam
1022 2752 1144 2823 prestitit
1157 2753 1198 2806 vir
1213 2775 1262 2826 op·

203 2839 283 2891 timus
299 2836 425 2905 Phiiippus
439 2831 533 2884 Daniel
548 2831 659 2902 Lippert,
683 2830 816 2901 professor
834 2828 997 2884 Dresdensis.
1014 2833 1041 2884 Is
1059 2832 1129 2884 enim
1152 2833 1263 2905 picture

202 2931 230 2972 et
242 2917 419 2987 reliquarum,
449 2929 508 2984 que
522 2929 584 2964 cum
602 2929 633 2963 ea
647 2911 794 2980 conjuncte
813 2922 890 2975 sunt,
920 2910 1016 2963 artium
1037 2911 1071 2963 ab
1090 2909 1264 2968 adolescentia

204 2997 303 3062 cultor,
316 3007 390 3049 tanto
405 2995 527 3046 incensus
547 3001 587 3043 est
601 2989 715 3061 entique
733 2989 867 3060 elegantia
882 2987 987 3058 studio,
1002 3003 1032 3042 ut
1046 3009 1125 3043 senex
1138 2988 1262 3048 didicerit

203 3077 303 3129 litteras
317 3075 434 3136 Graecas,
447 3084 473 3125 et
486 3088 649 3141 gemmarum
667 3068 765 3140 effigies
782 3087 878 3140 magno
892 3085 1003 3122 numero
1017 3068 1145 3136 delectas,
1164 3073 1264 3143 optime

204 3155 350 3220 ordinatas,
365 3166 393 3206 et
402 3151 528 3222 singulari
538 3148 710 3214 dexteritate,
722 3165 769 3201 sua
782 3166 943 3218 suorumque
958 3167 1039 3202 manu
1050 3168 1197 3221 expressas,
1208 3171 1264 3206 non

204 3234 289 3286 solum
302 3231 496 3286 communicare
509 3247 570 3282 cum
581 3230 678 3282 artium
695 3226 836 3292 studiosis,
846 3226 976 3280 sedetiam
989 3229 1118 3282 concinne
1126 3242 1153 3282 et
1161 3230 1264 3288 erudite
1337 3249 1341 3260 ’

206 3309 467 3383 explicarepotuerit,
481 3308 567 3360 Nemo
578 3319 616 3361 est
622 3308 669 3380 qui
678 3308 775 3376 nescit,
784 3319 880 3379 quauta
888 3307 921 3361 sit
927 3325 1091 3378 gemmarum
1099 3313 1265 3380 prestantia,

206 3409 264 3462 que
270 3429 278 3458 ,
285 3402 405 3442 aeterum
414 3400 470 3440 arte
478 3387 620 3450 celarem
631 3387 783 3459 principum
795 3387 959 3458 aliorumque
969 3406 1134 3442 summorum
1143 3391 1263 3464 virorum

206 3470 303 3523 muscis
316 3479 489 3520 asservantur.
504 3465 590 3518 Habet
601 3465 679 3518 etiam
692 3466 931 3520 Excellentissimos
943 3486 1031 3520 comes
1044 3465 1078 3520 de
1096 3468 1203 3536 Tuom,
1217 3473 1264 3542 qui

206 3563 246 3604 tot
258 3559 393 3618 tantasque
405 3565 446 3600 res
459 3563 505 3598 sua
514 3542 634 3598 doctrina
642 3557 670 3597 et
681 3563 727 3609 eo,
737 3563 791 3616 quo
802 3545 912 3618 flagrat,
925 3548 1021 3600 artiu'm
1033 3565 1122 3600 amore
1133 3550 1263 3621 complec-

206 3629 286 3693 titur,
300 3644 416 3699 gemmas
432 3625 552 3695 antiquas
565 3622 637 3677 haud
652 3643 763 3695 paucas,
775 3643 839 3696 quas
857 3624 944 3679 adhuc
960 3645 1009 3678 nec
1029 3626 1074 3678 atri
1093 3627 1200 3692 incisas,
1216 3647 1264 3682 neo

206 3709 256 3764 alia
270 3708 314 3760 rie
328 3704 532 3760 communicatas
550 3721 612 3756 cum
627 3701 738 3756 eruditis
757 3702 846 3757 credo.
872 3705 960 3778 Opera
971 3704 1020 3772 ⁴illa
1039 3704 1285 3776 splendidissima,·

206 3789 303 3862 quibus
320 3802 430 3857 gemme
442 3783 488 3836 eri
501 3781 588 3836 incise
607 3783 781 3849 exhibentur,
800 3801 924 3854 superare
940 3784 1006 3835 mihi
1021 3782 1127 3837 ridetur
1137 3785 1266 3856 Dactylio·
1367 3795 1370 3807 '

208 3871 274 3920 theco
289 3869 457 3937 bppvticno,
480 3879 538 3933 qua
557 3864 611 3934 jam
634 3876 748 3934 quatuor
772 3864 891 3916 maximas
914 3862 1005 3914 formae
1026 3863 1161 3916 volumina
1176 3866 1263 3918 refert.

207 3949 270 4018 Ejus
283 3947 354 4000 enim
372 3943 472 4016 efligies
491 3940 631 4006 eumdem,
651 3960 731 4013 quem
750 3943 801 4013 ipsi
822 3942 975 4012 archetypi,
1000 3953 1123 4011 prestant
1141 3962 1218 3998 usum
1236 3945 1265 3998 in

206 4026 369 4098 mythologie
386 4021 532 4076 ethistoria
549 4019 719 4085 illustranda;
735 4021 804 4088 imo,
820 4039 902 4093 quum
919 4031 1032 4091 quatuor
1044 4021 1158 4076 millium
1172 4042 1264 4078 uume-
