3246 5134
393 535 462 605 182
664 531 931 600 CORNELII
966 530 1198 600 NEPOTlS

440 666 535 734 Vlll.
552 665 659 757 Atque
672 663 727 732 hic
741 677 853 732 tantus
867 662 933 750 vir,
948 675 985 730 ut
1004 675 1156 731 neutram
1170 659 1179 686 ¹
1194 661 1367 734 fautricem
1390 663 1450 733 ln-

388 772 506 842 buerat
527 772 561 838 in
583 769 764 839 tribuendis
782 770 883 836 animi
900 767 1095 854 virtutibus,
1109 770 1155 838 sic
1169 767 1351 838 maleficam
1370 793 1449 838 nac·

389 891 442 946 tus
463 891 512 945 est
532 877 566 943 in
586 899 726 970 corpore
745 873 923 969 fingendo:
943 897 1020 942 nam
1039 889 1073 942 et
1087 887 1212 942 statura
1230 875 1293 944 fuit
1312 874 1449 962 humili,

388 998 421 1053 et
456 1005 595 1076 corpore
622 983 763 1075 exiguo,
786 995 820 1048 et
848 978 985 1048 claudus
1012 977 1116 1049 altero
1141 979 1224 1074 pede
1235 979 1256 1046 ².
1285 982 1369 1070 Quae
1395 1005 1448 1050 res

388 1091 486 1158 etiem
499 1086 691 1156 nonnullam
707 1085 868 1156 afferebat
879 1085 1123 1155 deformitatem
1133 1071 1160 1153 ³:
1175 1101 1273 1180 atque
1287 1089 1390 1182 ignoti
1404 1087 1447 1156 fa·

389 1197 473 1272 ciem
484 1195 555 1288 ejus
566 1218 668 1290 quum
677 1195 899 1274 intuerentur,
911 1192 1184 1276 contemnebant3
1194 1193 1250 1286 qui
1263 1207 1372 1264 autem
1380 1195 1446 1261 vir·

387 1315 474 1372 tutes
493 1313 671 1386 noverant,
684 1323 752 1366 non
768 1312 923 1393 poterant
938 1298 1093 1368 admirari
1115 1301 1201 1368 sotis.
1219 1299 1320 1387 Quod
1336 1301 1366 1369 ei
1385 1324 1448 1368 usu

389 1409 479 1476 venit
488 1394 512 1494 ⁴,
523 1430 626 1500 quum
639 1428 803 1473 annorum
816 1405 985 1499 octoginta
1000 1403 1144 1474 subsidio
1156 1404 1270 1474 Tacho
1283 1407 1317 1473 in
1330 1407 1449 1500 AEgyp

391 1527 461 1582 turn
479 1513 571 1600 isset,
583 1525 617 1580 et
629 1513 662 1580 in
679 1525 753 1580 acta
763 1535 840 1580 cum
855 1513 921 1579 suis
935 1511 1156 1598 occubuisset,
1166 1513 1237 1580 sine
1252 1510 1320 1580 ullo
1330 1526 1419 1582 tecto
1438 1539 1449 1602 3

390 1633 595 1718 stratumque
616 1617 753 1684 haberet
770 1614 852 1700 lale,
872 1631 910 1686 ut
927 1631 1016 1685 terra
1033 1630 1119 1687 tecta
1141 1631 1226 1686 esset
1244 1621 1449 1706 stramentis,

391 1747 497 1816 neque
518 1723 585 1792 huc
605 1721 747 1816 umplins
765 1747 865 1817 quom
889 1721 982 1816 pellis
999 1737 1084 1792 esset
1102 1723 1245 1816 injecto3
1266 1722 1449 1818 eodemque

390 1830 527 1898 comites
551 1851 666 1897 omnes
687 1828 935 1916 accubuissent,
955 1831 1075 1898 vestitu
1093 1828 1207 1898 humili
1228 1843 1327 1924 atque
1344 1830 1448 1900 obso-

380 1933 476 2022 leto,
494 1949 665 2004 uteorum
684 1949 820 2004 ornatus
838 1959 905 2003 non
922 1933 1022 2003 modo
1036 1935 1133 2006 inhio
1151 1961 1262 2030 regern
1282 1937 1449 2006 neminem

392 2039 605 2133 significaret,
621 2040 679 2108 sed
697 2039 839 2110 hominis
854 2066 923 2110 uon
936 2040 1114 2122 beatissimi
1131 2043 1349 2136 suspicionem
1366 2068 1448 2137 prae-

393 2145 493 2216 beret.
514 2146 621 2240 Hujus
653 2145 694 2215 de
730 2145 874 2216 adventu
903 2147 991 2216 foma
1019 2171 1122 2242 quum
1152 2148 1195 2216 ad
1219 2133 1347 2244 regios⁵
1364 2165 1449 2220 esset

393 2250 544 2346 perlata,
565 2251 716 2322 celeriter
739 2277 877 2322 munere
897 2277 937 2322 eo
959 2253 1116 2349 cujusque
1143 2257 1271 2349 generis
1301 2271 1378 2324 sunt
1399 2255 1451 2324 al-

393 2356 466 2426 lato.
494 2360 570 2444 His,
593 2359 814 2452 querentibus
843 2356 1048 2453 Agesilaum,
1072 2361 1128 2427 vix
1154 2360 1236 2430 fides
1266 2360 1353 2430 sacta
1379 2376 1449 2448 est,

393 2489 496 2534 unum
517 2489 589 2534 esse
605 2489 645 2534 ex
662 2466 728 2552 his,
746 2467 802 2559 qui
823 2480 894 2534 tum
915 2465 1129 2535 accubabant.
1148 2467 1216 2554 Qui
1237 2491 1340 2560 quum
1361 2471 1448 2564 regis

392 2571 516 2656 verbis,
531 2596 604 2665 quae
632 2570 828 2656 attulerant,
846 2571 1035 2658 dedissent;
1053 2570 1123 2659 ille,
1153 2587 1272 2666 praeter
1291 2574 1448 2663 vitulina,

392 2690 425 2752 et
439 2675 627 2771 hujusmodi
649 2701 771 2772 genera
790 2677 938 2764 obsonii,
955 2702 1028 2771 quae
1049 2702 1192 2771 presens
1214 2693 1343 2773 tempus
1365 2679 1449 2750 desi·

392 2781 546 2874 derelict,
559 2782 640 2862 nihil
662 2785 806 2878 accepit3
823 2797 1008 2885 unguenta,
1023 2769 1192 2872 coronas⁶,
1205 2785 1450 2882 secundamque

435 2984 499 3037 Car.
511 2983 589 3036 vlu.
605 3001 627 3035 r.
638 2983 771 3043 Naturae,
786 2982 903 3035 etc.Ele·
944 2981 1099 3038 Ciceronem
1115 2982 1148 3036 ad
1164 2983 1255 3038 Femil.
1272 2985 1384 3056 epistV‚
1406 3003 1449 3040 ιι.

394 3081 458 3135 gans
468 3061 594 3134 periodus
604 3063 639 3114 ob
650 3063 761 3114 formem
775 3061 902 3114 elocutio·
986 3067 1011 3125 4.
1027 3061 1102 3130 Quod
1107 3067 1130 3116 ei
1140 3083 1183 3116 ιιιιι
1192 3067 1265 3118 verrit.
1273 3063 1306 3118 ld
1317 3077 1368 3130 est,
1376 3065 1449 3136 quod

395 3143 437 3194 nis
453 3155 479 3194 et
499 3141 674 3212 oppositionis
687 3141 901 3196 concinnitatem.
944 3139 1053 3212 quidem
1064 3155 1186 3214 expertus
1197 3155 1244 3196 eet.
1255 3177 1294 3188 -
1306 3145 1343 3197 Et
1352 3148 1448 3199 inacta.

395 3221 436 3272 lu
452 3221 506 3273 lere
525 3220 632 3290 Sappho
645 3220 673 3272 in
691 3218 771 3275 Ovid.
790 3219 900 3291 Epistol.
944 3218 1180 3276 Aduumerandum
1188 3224 1219 3276 iis
1226 3225 1335 3278 vocibus
1344 3226 1449 3294 green,

395 3299 465 3362 XV,
481 3300 533 3352 31:
944 3317 1009 3370 quas
1038 3301 1126 3354 Latini
1151 3316 1322 3374 acceperunt,
1338 3315 1364 3356 et
1395 3306 1449 3360 suis

395 3383 474 3424 sinin
483 3382 658 3424 etsensim
667 3393 736 3424 aaron
747 3385 836 3435 nemin.
944 3379 1037 3432 littaris
1049 3393 1157 3447 nonni,
1169 3395 1198 3434 ιιι
1212 3395 1275 3435 astu.
1293 3383 1340 3435 Est
1351 3403 1447 3458 nempe

422 3454 504 3506 luponio
516 3454 582 3493 torm
594 3455 662 3492 &nana
674 3455 760 3508 rependo
771 3469 825 3494 nee.
840 3455 885 3496 Tu·
945 3457 1066 3512 Gfficum
1082 3462 1162 3527 ἀκτὴ,
1175 3463 1276 3516 Lupini,
1288 3463 1377 3528 ljmu,
1389 3483 1447 3536 qu„

428 3534 901 3605 a.Claudusoleempede,llnnctamen
946 3538 1447 3608 Ciceroincudemmmtionefinverr.

395 3614 445 3668 sibi
464 3613 560 3666 durem
580 3614 680 3668 militie
697 3617 816 3676 omnium
838 3633 901 3669 con-
949 3619 981 3682 V,
1000 3619 1034 3670 25
1053 3633 1079 3672 et
1094 3620 1145 3691 37,
1161 3622 1308 3692 promiscue
1332 3621 1447 3677 adhibet.

396 3713 472 3748 senm
488 3693 679 3759 decreverunt,
693 3695 755 3765 quia
770 3694 798 3746 in
811 3713 901 3748 rerum
944 3697 1093 3751 Tmeuucx.

396 3772 553 3828 difficillimo
575 3786 644 3826 tntu
664 3774 794 3826 malebant
813 3793 901 3844 regern
986 3777 1010 3830 5.
1033 3777 1080 3830 Ad
1095 3782 1180 3848 regios.
1200 3777 1232 3832 Id
1248 3792 1304 3846 est,
1326 3779 1360 3834 ad
1381 3783 1449 3853 regis

395 3853 557 3914 claudicare,
568 3872 647 3924 quam
660 3872 783 3926 reguum,
793 3867 822 3906 ut
837 3853 902 3910 dicit
944 3859 1053 3929 AEgypti
1065 3859 1209 3928 prefectos.

396 3933 521 4000 Orosius,
532 3934 590 3998 Ill,
611 3951 634 3986 r.
985 3942 1011 3990 6.
1031 3937 1146 3991 Coronas.
1169 3938 1208 3990 Ex
1228 3955 1331 4010 pepyro
1349 3960 1449 3993 corone·

438 4014 463 4066 3.
475 4013 621 4066 Nonnullam
635 4013 902 4081 assenbotdesonm'ta·
944 4020 982 4070 ria
999 4028 1090 4070 vocata
1108 4017 1246 4070 consectas.
1266 4019 1357 4073 Relert
1378 4021 1449 4074 enim

398 4103 450 4143 ram.
481 4093 551 4148 Hinc
573 4093 640 4146 lorte
662 4112 690 4146 ee
713 4094 787 4164 pingi
806 4093 900 4146 noluit.
944 4095 1451 4172 Atheueus,XV‚6,exTheopompo,

397 4168 468 4223 Vide
488 4172 693 4242 Xenophontem
714 4173 741 4226 in
763 4173 856 4245 Agesil.
875 4186 903 4227 et
944 4176 1082 4248 AEgyptios
1109 4175 1241 4246 Agesilao,
1258 4177 1286 4230 in
1308 4181 1453 4252 Emptum
