3284 5150
397 515 471 598 242
659 505 930 576 connum
956 505 1187 576 nnrorls

394 642 497 714 sensit
511 642 545 722 in
564 663 608 713 re.
627 637 763 715 Praefirit
775 637 889 732 paucis
904 637 1063 724 navibus,
1075 661 1157 731 quas
1171 661 1213 708 ex
1226 624 1341 732 Sy'ria⁸
1351 637 1466 734 jussus
1585 634 1590 640 ’

394 761 467 819 erat
482 749 517 816 in
538 746 649 828 Asiam
668 744 811 832 ducere,
833 743 950 838 bisque
967 742 1126 816 advorsus
1148 743 1358 816 Rhodiorum
1378 746 1464 818 clas-

393 879 462 928 sem
481 853 515 922 in
536 849 731 947 Pamphylio
753 849 836 923 mari
854 848 1011 920 conflixit.
1031 850 1110 939 Quo
1128 875 1230 944 quum
1252 851 1465 932 multitudine

393 960 658 1048 adversumrum
683 958 734 1028 sui
760 970 1018 1052 superarentur,
1039 957 1134 1051 ipsc,
1157 981 1225 1052 quo
1258 981 1363 1030 comu
1390 985 1463 1032 rem

393 1069 509 1162 gessit,
525 1065 587 1136 fuit
608 1065 760 1161 superior
768 1062 791 1131 ⁹.

444 1175 505 1242 IX.
525 1171 691 1245 Antiocho
706 1170 822 1264 fugato
833 1165 855 1256 ¹,
869 1191 1005 1256 verens,
1019 1191 1061 1238 ns
1074 1167 1269 1258 dederetur,
1282 1171 1373 1264 quod
1391 1169 1468 1244 sine‘
1479 1164 1496 1188 '

391 1280 493 1350 dubio
519 1278 711 1366 accidisset,
739 1277 766 1349 si
786 1277 837 1344 sui
859 1273 989 1344 fecisset
1011 1289 1230 1369 poscentem,
1252 1277 1389 1350 Cretam
1418 1279 1464 1350 ad

392 1387 572 1480 Gortynios
593 1384 705 1470 venit,
723 1395 762 1452 ut
780 1381 847 1469 ibi,
867 1405 934 1474 quo
956 1405 991 1452 se
1010 1379 1201 1469 conferret,
1224 1382 1462 1457 consideraret.

391 1493 485 1564 Vidit
502 1505 613 1560 autom
626 1492 678 1558 vir
692 1488 841 1558 omnium
862 1485 1110 1574 callidissimus,
1127 1511 1250 1583 magno
1264 1513 1299 1564 ss
1313 1489 1385 1560 fore
1401 1517 1461 1587 pe·

391 1597 511 1684 riculo,
531 1599 593 1668 nisi
611 1595 691 1690 quid
710 1590 945 1690 providisset²,
965 1607 1105 1690 proptor
1126 1595 1298 1668 avariuan
1316 1599 1461 1670 Cretan·

391 1786 566 1842 Hannibalem
578 1782 820 1856 Carthaginiensem
833 1778 904 1856 apud
948 1782 996 1854 qui
1005 1781 1068 1836 slias
1076 1799 1156 1845 usses
1164 1801 1197 1839 es
1206 1783 1332 1842 Phaniae
1344 1787 1462 1842 etThn.

389 1887 479 1942 regem
488 1863 650 1921 Antiochum
661 1862 817 1919 facetissime
827 1861 905 1914 osril·
946 1862 987 1916 cia
1000 1875 1148 1920 ucesseret.
1162 1895 1203 1906 —
1215 1865 1337 1920 Adest-sas
1353 1867 1462 1920 moste-

390 1949 544 2002 latnmesse.
552 1945 591 1998 Ea
599 1941 731 2000 cavillatio
739 1941 906 2010 bujssscemo·
947 1941 1111 1994 mactassent.
1122 1943 1254 1998 Describit
1265 1945 1334 2000 banc
1342 1965 1459 2019 pugusrn

392 2025 491 2080 difuit.
506 2021 670 2078 Ostendebat
681 2022 706 2076 ei
717 2020 864 2076 Antiochus
876 2021 905 2074 in
946 2019 1053 2092 livius,
1062 2021 1168 2078 XXXV
1170 2023 1211 2088 113
1222 2023 1272 2090 sl,
1282 2043 1355 2099 seqq.
1366 2027 1461 2082 Mai.

391 2103 794 2178 campooopissiugentes‚quas
803 2101 904 2158 belluna
946 2095 1461 2178 uitetlppisuus,l.o.;iteanuelus-

391 2187 492 2262 populo
515 2185 635 2238 Romano
657 2183 773 2236 facttuus
796 2198 904 2254 compa·
947 2178 1249 2254 tinusatOrosius,qni
1261 2185 1348 2250 ambo,
1361 2187 1460 2242 exuo.

391 2278 509 2330 rsverat,
523 2263 746 2332 convertebatque
759 2260 904 2315 exercitum
947 2258 979 2312 sii
998 2259 1148 2328 sententia,
1168 2258 1223 2314 dno
1246 2261 1350 2318 dicem
1363 2266 1460 2338 prnlia

392 2347 540 2418 insignibus
556 2342 685 2416 argenteis
703 2352 730 2394 et
748 2339 834 2394 aureis
854 2337 905 2392 flo-
945 2335 1072 2394 ridentur
1084 2338 1245 2398 confudisse.

391 2421 904 2490 rentem5indncebatetiamcureuscum
988 2435 1016 2490 9.
1037 2419 1099 2474 Fuit
1112 2423 1226 2490 superior.
1240 2421 1322 2475 britio
1334 2421 1459 2495 quidemg

367 2523 370 2530 ·
392 2505 519 2570 falcibsn,
536 2516 563 2556 et
576 2501 730 2574 elephantos
744 2517 806 2555 curn
821 2499 903 2554 turri·
946 2497 1385 2570 nametipsepostea,irruentinru
1392 2506 1461 2560 snul·

391 2586 458 2650 bus,
478 2583 678 2658 equitatumque
698 2579 795 2643 frenis,
808 2577 904 2651 epbip·
947 2575 1062 2632 titudine
1078 2591 1231 2648 superatus,
1253 2581 1331 2652 fugit.
1346 2583 1460 2650 livius,

393 2666 460 2738 piis,
481 2663 645 2725 monilibus,
662 2659 776 2734 pbaleris
795 2657 905 2732 praeful·
946 2668 974 2711 et
992 2657 1146 2730 Appianas,
1165 2658 1194 2712 ll.
1214 2677 1252 2713 cc.
1276 2661 1459 2720 Tsscsncn.

394 2758 507 2818 gentem.
520 2745 606 2816 Atque
620 2741 658 2793 ibi
672 2738 905 2810 rex,oontesnpla·
947 2737 1037 2804 Quare
1054 2749 1081 2794 et
1097 2737 1142 2792 bic
1154 2737 1219 2792 alios
1235 2739 1333 2799 Noster
1351 2755 1460 2803 secum

394 2827 468 2880 tione
482 2822 593 2882 tanti-sc
608 2833 662 2874 tatu
675 2818 763 2874 ornati
776 2817 905 2873 exercitus
946 2829 994 2872 est.
1059 2888 1062 2896 ι

393 2899 597 2978 gloriabundus,
611 2898 787 2955 Hannibalern
797 2896 904 2970 aspicit,
987 2894 1052 2950 css.
1069 2895 1119 2950 1x.
1139 2915 1164 2952 1.
1177 2897 1300 2952 Antisclso
1309 2899 1411 2970 fugato.
1423 2901 1460 2960 Et

394 2998 436 3048 et,
452 2985 574 3044 Putasne,
590 2979 678 3049 inquit
690 2979 813 3046 ,conferri
821 2995 902 3047 posse,
947 2971 981 3028 sd
994 2993 1086 3048 pacem
1099 2977 1252 3048 compulso,
1265 2977 1294 3032 in
1306 2982 1381 3052 cujus
1395 2999 1460 3039 oon-

395 3084 425 3116 σε
439 3065 498 3114 satis
513 3081 562 3114 esse
576 3059 651 3111 credis
666 3059 779 3110 Romanis
794 3057 846 3110 lsoec
857 3075 906 3108 osse·
946 3051 1094 3108 ditionibus
1108 3055 1149 3115 bae
1174 3057 1298 3124 fuerunt,
1323 3085 1333 3108 ι
1349 3071 1382 3112 nt
1395 3060 1459 3116 Λή.

395 3147 436 3196 nia
444 3149 459 3192 ι)
468 3142 537 3194 'lum
549 3139 645 3194 Poenus
657 3135 766 3190 eludens
775 3135 906 3208 gravissu
947 3134 1073 3188 Romanis
1090 3133 1209 3202 cederet,
1221 3149 1360 3192 oonteatns
1373 3138 1459 3210 Spei·

395 3221 592 3296 imbelliamque
602 3217 718 3270 militurn
727 3217 782 3286 ejus
790 3214 905 3286 pretiose
947 3231 1029 3284 reguo
1045 3227 1127 3280 esseta
1139 3234 1220 3280 naves
1233 3217 1384 3284 universas,
1397 3237 1458 3292 osp-

396 3294 905 3367 armatorumsatisptanainquspnn
948 3292 1016 3349 tivos
1033 3306 1060 3348 et
1078 3295 1225 3368 transfugas
1239 3295 1369 3363 undussa
1387 3317 1458 3355 sum·

395 3400 444 3432 esse
453 3377 523 3430 eredo
532 3378 646 3430 Romanis
657 3377 707 3426 lsoee
718 3378 808 3433 amic,
820 3377 905 3426 etiam·
947 3384 1076 3447 ptumque
1085 3392 1191 3430 omnem
1202 3374 1265 3428 belli
1278 3377 1405 3435 Romanis
1416 3397 1458 3434 re·

395 3463 418 3512 ss'
429 3461 562 3512 conmissi
573 3459 630 3508 ss'nt.
640 3454 715 3510 Nihil
727 3471 851 3526 prorsum
861 3472 907 3510 ue·
947 3452 1075 3514 stitueret.
1087 3479 1098 3502 ι
1113 3453 1210 3508 lustin.
1225 3455 1335 3523 XXXI,
1350 3477 1367 3528 7
1385 3470 1414 3512 es
1428 3461 1455 3516 8.

396 3558 448 3612 qne
461 3551 514 3592 tarn
525 3534 629 3609 lepida,
642 3552 728 3606 neque
746 3545 800 3588 tam
813 3526 907 3593 scenbs
947 3529 1024 3586 Adde
1038 3533 1098 3586 Lis.
1122 3533 1275 3601 xxxvn,
1292 3537 1328 3602 45
1350 3549 1378 3595 et
1397 3537 1456 3604 ss,

397 3617 451 3674 dici
463 3629 557 3691 potest.
571 3617 626 3670 iles
638 3613 672 3668 de
682 3631 795 3670 numero
808 3613 907 3669 exerci-
947 3613 1061 3684 Appisn.
1072 3610 1106 3666 de
1118 3613 1174 3668 reb.
1184 3613 1312 3685 Syriacis,
1320 3635 1343 3670 c.
1354 3617 1401 3672 38.
1420 3647 1460 3662 -

397 3711 439 3754 tns
453 3699 508 3764 sui,
522 3717 553 3752 nc
567 3695 601 3752 de
616 3693 822 3768 asqniparstione
837 3693 905 3746 sssti·
949 3690 1047 3746 Cretam
1068 3691 1104 3744 ad
1128 3691 1270 3764 Gortynia
1298 3721 1309 3744 .
1335 3695 1458 3768 qu„

397 3777 493 3834 manda
506 3777 663 3850 quesierat:
682 3769 822 3847 respondit
832 3771 905 3826 Han·
946 3769 1457 3844 timnibu‚quumabsntiochottams·

397 3861 470 3912 nibal
482 3857 515 3912 de
529 3855 626 3930 preda
641 3881 652 3904 s
947 3851 992 3917 ni,
1003 3852 1073 3907 inter
1083 3865 1181 3908 ceteras
1194 3851 1359 3910 conditiones
1368 3855 1454 3928 pecie,

439 3942 465 3993 8.
489 3939 557 4008 Quas
578 3958 608 3989 es
627 3935 709 4007 Syrio.
726 3929 826 4000 Unde,
839 3943 905 3988 teste
947 3929 1110 3986 deditionem
1125 3935 1180 4004 ejus
1197 3930 1388 4008 deposcerent,
1407 3933 1455 3992 ad·

396 4009 905 4086 Livi0‚xxxvn‚s;etsppiano,de
947 4012 1092 4079 monitura
1110 4031 1184 4085 rege,
1203 4013 1233 4066 in
1247 4014 1336 4086 fugans
1349 4032 1456 4082 amaus,

397 4100 453 4153 reb.
464 4098 590 4171 Syriacis,
597 4116 620 4150 c.
633 4115 668 4149 ss
678 4095 709 4160 f.,
718 4107 779 4166 post
786 4091 905 4146 navalem
948 4091 1054 4146 Cretam
1064 4091 1209 4148 defertur.·
1218 4093 1287 4152 Just.
1295 4095 1418 4162 xxm,
1428 4102 1455 4161 ι.

397 4177 432 4233 sd
444 4181 594 4250 corcyram
604 4193 721 4250 pugnem
733 4173 827 4238 muns
837 4185 904 4242 eret,
990 4192 1017 4228 s.
1029 4173 1088 4227 Nisi
1097 4173 1157 4243 qnid
1162 4173 1313 4244 procidisset.
1324 4175 1383 4236 Nisi
1395 4195 1457 4234 con.
