3284 5150
401 476 470 567 ¹94
656 470 930 540 CORNELII
956 471 1188 540 NEPOTIS

392 618 479 674 teras
490 589 513 688 ⁴,
535 615 571 672 ut
596 601 625 670 ei
646 615 818 696 parerent,
839 607 976 697 ejusque
1005 600 1147 673 coudliis
1178 615 1362 674 uterentur.
1395 607 1457 674 Ilia

391 694 508 778 rebus⁵
520 709 685 780 Eumenes
697 721 883 802 permotus,
893 710 994 778 satius
1008 707 1123 795 duxit,
1135 710 1163 778 si
1179 709 1225 778 ita
1242 709 1370 780 tulisset
1387 711 1453 782 for·

392 830 488 902 tuna,
505 816 612 910 perire
632 814 717 884 bene
739 815 863 884 meritis
880 813 1079 884 referentem
1101 815 1257 911 gratiam,
1276 840 1376 912 quam
1400 820 1455 888 in·

300 967 307 980 ·
388 935 519 1016 gratum
541 923 663 990 vivere.

442 1029 519 1096 VII.
542 1031 659 1122 ltaque
683 1028 795 1122 copias
824 1028 1004 1114 contraxit,
1022 1025 1145 1098 bellum
1174 1028 1333 1098 adversus
1354 1031 1453 1102 Anti·

388 1159 513 1228 genum
531 1134 745 1229 comparavit.
768 1131 869 1221 Quod
888 1157 955 1202 una
979 1130 1094 1202 erant¹
1111 1133 1334 1206 Macedonum
1361 1161 1453 1206 con·

388 1239 499 1334 plures
513 1238 655 1327 nobiles,
674 1241 707 1308 in
725 1238 777 1307 his
791 1241 979 1326 Peucestes,
995 1240 1052 1333 qui
1074 1241 1224 1334 corporis
1244 1255 1354 1312 custos
1375 1243 1452 1312 fue-

388 1361 439 1415 rat
450 1343 646 1432 Alexandri,
658 1360 730 1414 tum
745 1359 857 1413 autem
872 1344 1044 1414 obtinebat
1058 1345 1244 1434 Persidem,
1256 1349 1452 1444 Antigenes,

387 1452 480 1546 cujus
511 1452 573 1521 suh
598 1453 738 1546 imperio
764 1449 910 1545 phalanx
931 1465 1002 1520 erat
1024 1451 1270 1540 Macedonum
1292 1454 1451 1526 invidiam

386 1582 503 1628 verens
527 1553 652 1653 (quam
684 1571 796 1625 tamen
825 1555 973 1652 effligere
1006 1582 1075 1626 non
1107 1560 1215 1652 potuit
1235 1551 1269 1648 ),
1292 1561 1319 1628 si
1339 1564 1450 1656 potius

385 1667 455 1758 ipse
475 1663 657 1758 alienigena
677 1663 797 1731 summi
818 1664 947 1758 imperii
971 1665 1151 1758 potiretur,
1172 1689 1272 1758 quana
1294 1663 1349 1736 alii
1369 1669 1448 1738 Ma-

385 1771 549 1840 cedonum
558 1823 568 1854 ,
577 1793 719 1863 quorum
734 1769 779 1836 ibi
788 1783 861 1838 erat
874 1767 1052 1840 multitudo
1063 1795 1072 1857 3
1085 1771 1119 1838 in
1131 1772 1300 1866 principiis
1315 1775 1449 1844 nomine

384 1875 561 1946 Alexandri
580 1877 694 1944 statuit
711 1873 978 1962 tabernaculum,
996 1877 1030 1943 in
1050 1899 1155 1970 eoque
1177 1875 1289 1947 sellam
1312 1903 1447 1952 auream

385 2008 461 2052 cum
484 1995 615 2075 sceptro
633 2004 672 2049 ac
688 1979 872 2050 diademate
885 1981 982 2074 jussit
999 1983 1098 2076 poni,
1111 2007 1217 2078 coque
1232 2007 1347 2054 omnes
1360 2011 1447 2080 quo·

384 2089 461 2158 tidie
483 2089 677 2174 convenire,
696 2100 732 2156 ut
754 2085 799 2156 ibi
822 2086 863 2156 de
890 2089 1028 2157 summis
1057 2087 1156 2158 rebus
1179 2087 1316 2160 consilia
1345 2115 1446 2188 cape-

426 2299 452 2357 4.
469 2293 565 2347 Mense
580 2295 679 2346 litteras.
697 2291 766 2364 Lege
781 2290 892 2346 Diodor.
938 2289 1009 2344 Vide
1025 2287 1188 2356 Diodorum,
1204 2283 1308 2345 xv111.
1319 2322 1359 2334 -
1370 2291 1446 2360 Effu-

385 2374 432 2426 lib.
448 2373 559 2438 XVIII,
572 2387 597 2426 et
611 2372 794 2436 Plutarchum,
803 2372 830 2424 in
839 2373 893 2424 Eu·
935 2390 992 2438 gers
1006 2390 1054 2422 nors
1064 2375 1153 2442 potuit.
1169 2370 1253 2424 Aliter
1268 2367 1404 2426 Diodorus
1419 2385 1445 2426 et

385 2471 461 2506 mene
470 2491 477 2517 ,
487 2451 556 2523 apud
566 2471 633 2524 quos
643 2453 738 2505 harum
744 2451 893 2504 litterarum
936 2449 1102 2504 Plutarchus.
1116 2450 1184 2504 Nam
1202 2449 1246 2502 ille
1266 2451 1379 2503 meldim
1391 2473 1408 2502 a
1421 2473 1446 2504 se

385 2532 511 2584 formulas
537 2543 563 2584 et
589 2543 741 2603 argumenta
766 2531 891 2584 invenias.
936 2529 1052 2600 depulisse
1062 2529 1108 2594 ait,
1116 2529 1160 2582 hic
1172 2547 1219 2582 sors
1228 2533 1330 2602 acceptis
1336 2536 1444 2602 pecuniis

385 2612 521 2666 Cocxrsr.
937 2609 1031 2663 lessus
1053 2607 1106 2662 Sed
1120 2622 1223 2674 noster,
1237 2608 1399 2676 atridem,
1411 2610 1446 2665 de

428 2693 454 2744 5.
472 2691 521 2744 His
533 2691 609 2744 rebus.
626 2691 667 2743 Al.
688 2691 736 2743 Hs's
751 2689 839 2742 verbis.
853 2721 895 2732 -
936 2701 1070 2759 postremo
1085 2689 1145 2741 ritu
1167 2701 1287 2761 tempore
1306 2690 1444 2762 loquitur,

385 2770 671 2842 Benemers'ts's.1is,qui
681 2771 710 2822 in
725 2788 752 2820 se
766 2769 893 2821 beneficia
936 2767 1066 2832 illi,deeo
1075 2765 1313 2839 ,quodadventum
1321 2771 1444 2824 Eumenis

385 2851 576 2916 custudissent,
591 2851 690 2922 quippe
705 2849 752 2920 qui
775 2847 894 2919 Phihppi
935 2848 1057 2918 proxime
1071 2847 1181 2919 excepit.
1195 2849 1444 2903 Bostra—Alieni·

386 2942 413 2984 et
422 2927 563 2985 Alexandri
573 2929 708 2983 beneficiis
720 2945 782 2981 usus
792 2927 892 2980 luisset.
936 2945 1008 2996 geno.
1025 2927 1147 3000 Quippe,
1169 2939 1199 2980 ut
1220 2947 1299 3000 supra
1322 2927 1443 2996 dictum,

427 3011 491 3064 Cas.
508 3011 571 3062 VII.
596 3029 620 3062 1.
647 3007 722 3077 Quod
744 3025 792 3071 urso
815 3017 893 3060 eruat.
936 3003 1083 3061 Cardianus
1111 3007 1327 3061 erat-Susurri
1352 3011 1446 3080 s'rrspers'r‘

387 3091 477 3156 Quum
493 3091 521 3143 in
537 3089 653 3140 exercitu
673 3105 722 3140 suo
745 3085 894 3156 complures
933 3089 1060 3156 potiretur.
1079 3087 1127 3140 Uti
1146 3099 1236 3140 noster
1255 3106 1284 3140 ac
1307 3087 1444 3143 Sallustius

387 3168 506 3223 adessent
517 3164 794 3230 Macedonesnobiles,
802 3177 894 3218 etc.-
936 3165 1033 3236 passim
1061 3168 1287 3238 usurpant-ln
1307 3171 1442 3240 principalis.

312 3256 316 3264 '
387 3250 519 3301 Peucestes.
542 3247 593 3300 llic
621 3247 738 3318 primurn
767 3243 894 3314 armiger,
936 3244 1023 3298 Locus
1051 3245 1079 3298 in
1109 3246 1200 3300 casuis
1218 3247 1357 3320 princeps,
1370 3246 1443 3302 unde

387 3340 477 3400 postea
492 3329 574 3380 lactus
595 3339 633 3380 est
654 3343 723 3378 unus
743 3343 774 3376 ex
793 3337 894 3394 septem
936 3343 1047 3392 nomem
1062 3324 1109 3378 ubi
1126 3327 1242 3396 positum
1257 3338 1313 3379 erat
1328 3328 1443 3399 impera·

387 3405 528 3460 Alexandri
549 3404 703 3459 custodibus
721 3417 781 3476 post
794 3404 894 3456 victum
937 3404 1001 3458 toris
1012 3405 1223 3470 tabernaculum,
1236 3417 1262 3458 et
1274 3425 1328 3478 quo
1342 3407 1442 3478 princi·

387 3487 495 3540 Porum.
509 3485 677 3557 Amplissima
698 3502 762 3536 vero
780 3481 895 3555 dignitus
936 3501 999 3554 pes,
1014 3485 1143 3538 exercitus
1158 3503 1188 3538 ac
1200 3483 1296 3548 duces,
1312 3485 1440 3540 delibera·

388 3573 456 3632 erat,
469 3585 518 3618 nec
530 3565 581 3618 nisi
596 3563 705 3618 summis
718 3561 830 3616 ducibus
842 3563 894 3615 ool·
938 3563 990 3615 turi
1019 3564 1221 3618 conveniebant.
1248 3563 1320 3618 Vide
1345 3566 1440 3637 passim

386 3649 447 3702 lata.
456 3645 527 3699 Vide
540 3645 697 3710 Arrianurn,
709 3643 727 3696 l.
743 3643 893 3694 VL-An-
936 3643 1076 3714 scriptores
1090 3642 1124 3697 de
1138 3662 1168 3696 re
1179 3643 1441 3699 militari-Nostine

388 3732 485 3798 rigeret.
500 3725 641 3779 Prtefectus
656 3725 705 3776 luit
721 3741 781 3775 cum
796 3723 894 3774 Teuta·
936 3722 1083 3776 Alexndn'.
1094 3725 1265 3778 commentus
1280 3731 1441 3796 erat,rppa·

388 3828 432 3861 mo
455 3815 503 3860 ss‘ss
532 3800 737 3877 ἀργυρασπίδων,
756 3821 815 3874 quse
838 3814 894 3854 erat
936 3802 1019 3856 ruisse
1031 3803 1234 3856 sibiinsouuaio
1247 3801 1442 3868 Alexandrum,

386 3886 523 3959 phalangis
533 3905 594 3957 pars
608 3885 642 3936 ab
655 3882 782 3955 argenteis
794 3882 894 3952 clypeis
935 3893 962 3934 et
971 3882 1097 3936 auxilium
1108 3901 1184 3936 suurn
1197 3881 1440 3954 promisissevide,

386 3985 483 4021 nornen
497 3966 603 4018 sortita:
613 3965 757 4036 igiturnon
768 3961 817 4014 toti
830 3961 894 4031 pba-
936 3975 1032 4032 praeter
1046 3963 1232 4026 Plutarchum,
1244 3963 1399 4036 Polyaenum
1415 3963 1443 4016 in

385 4047 455 4119 lengi
464 4045 579 4119 praefuit.
591 4043 708 4098 Phalanx
719 4043 774 4114 ipsa
785 4041 848 4094 satis
860 4059 892 4093 ex
936 4041 1107 4108 Eumene,ac
1115 4039 1194 4095 Diod.
1205 4043 1309 4095 XVIII.
1318 4075 1349 4085 -
1359 4043 1445 4113 quue

384 4127 479 4180 Curtio
488 4123 790 4178 nota.Tas.-lnslds'am
799 4141 890 4174 sunus.
936 4139 1013 4174 omnes
1026 4121 1131 4194 quots‘ds's
1146 4126 1275 4178 musenim.
1290 4123 1360 4178 Nam
1369 4119 1444 4176 dedi·
