3284 5150
601 497 836 568 armeus.
1176 499 1250 598 273

194 616 326 689 ditionis
340 642 408 688 non
423 619 562 689 haberet
574 635 785 716 potestatem,
798 621 1006 716 potissimum
1014 621 1085 715 ejus
1098 621 1255 719 deligeret

194 724 406 809 affinitatem,
421 742 685 822 praeoptaretque
704 729 821 822 equitis
839 729 982 796 Romani
997 727 1097 796 filiam
1118 753 1255 824 genero·
1278 793 1282 799 .

196 855 307 906 sarum
331 834 463 927 nuptiis.
491 837 599 927 Atque
620 833 739 902 harum
762 836 954 928 nuptiarum
976 833 1169 905 conciliator
1193 837 1254 909 fuit

196 929 285 1023 (non
300 953 350 1006 est
362 941 450 1008 enim
463 937 636 1009 celandum
645 933 658 1028 )
667 941 715 1008 Μ.
731 941 894 1008 Antonius
903 941 1055 1008 triumvir
1066 940 1254 1036 reipublicae

196 1041 434 1114 constituenda·
458 1070 466 1112 :
495 1044 589 1138 cujus
614 1047 727 1142 gratia·
747 1071 848 1140 quum
881 1069 1003 1141 augere
1033 1050 1254 1141 possessiones

196 1165 308 1244 posset
324 1175 418 1239 suas,
437 1165 566 1220 tanturn
584 1151 689 1220 abfuit
705 1175 724 1220 a
742 1152 922 1246 cupiditate
937 1155 1099 1248 pecuniae,
1114 1154 1255 1224 utnulla

195 1257 230 1324 in
249 1281 285 1325 re
310 1281 389 1326 usus
406 1259 449 1326 sit
466 1281 523 1344 ea,
545 1259 606 1326 nisi
626 1258 661 1325 in
681 1257 896 1352 deprecandis
918 1260 1100 1328 amicorum
1121 1274 1178 1328 aut
1198 1287 1254 1358 pe·

195 1361 324 1449 riculis,
342 1378 399 1432 aut
413 1364 638 1432 incommodis.
662 1363 762 1452 Quod
781 1364 912 1458 quidem
927 1365 989 1434 sub
1009 1367 1077 1459 ipsa
1097 1370 1256 1462 proscrip

196 1470 287 1537 tione
318 1467 505 1564 perillustre
531 1469 594 1538 luit
603 1468 623 1537 ².
653 1471 741 1539 Nam
768 1495 870 1564 quum
900 1473 938 1540 L.
968 1471 1107 1556 Saufeii,
1139 1475 1256 1566 equitis

198 1575 357 1662 Romani,
378 1574 510 1670 aequalis
529 1577 595 1659 sui,
613 1577 670 1706 spui
689 1601 765 1645 cum
781 1601 822 1656 eo
839 1575 1025 1672 complures
1046 1600 1167 1666 anuos,
1187 1594 1255 1648 stu·

197 1679 252 1751 dio
269 1681 389 1750 ductus
410 1681 625 1777 philosophiae
643 1737 653 1770 ,
674 1681 861 1769 habitabat,
883 1682 1091 1776 habebatque
1109 1684 1143 1751 iu
1162 1684 1255 1756 Italia

197 1789 356 1884 pretiosas
376 1790 613 1882 possessiones,
632 1789 795 1857 triumviri
811 1789 898 1857 bona
917 1787 1157 1874 vendidissent,
1177 1816 1256 1860 con·

197 1893 370 1964 suetudine
396 1919 454 1980 ea,
485 1918 549 1988 qua
581 1909 652 1962 tum
677 1919 728 1964 res
757 1897 983 1988 gerebantur,
1013 1897 1114 1964 Attici
1145 1893 1257 1968 labore

195 2015 295 2095 atque
319 1999 480 2069 industria
502 2000 645 2084 lactum,
663 2015 701 2069 ut
719 2000 835 2070 eodem
856 2003 973 2070 nuntio
992 2001 1141 2070 Saufeius
1164 2003 1258 2075 lieret

197 2107 339 2192 certior,
364 2131 399 2175 se
424 2106 659 2200 patrimonium
688 2109 833 2176 amisisse
856 2122 889 2175 et
916 2131 1135 2201 recuperasse.
1163 2110 1257 2179 Idem

197 2215 237 2283 1..
252 2211 375 2282 lulium
392 2210 563 2297 Calidum,
576 2237 690 2306 quem,
712 2228 787 2307 post
804 2213 952 2281 Lucretii
974 2210 1160 2306 Catullique
1175 2241 1259 2285 mor·

196 2333 264 2388 tem
272 2306 296 2407 ⁴,
311 2318 416 2387 multo
437 2317 713 2412 elegantissimum
732 2333 863 2413 poetam
878 2317 1155 2388 nostram.tulisse
1176 2337 1257 2390 aeta-

196 2439 264 2494 tem
292 2450 369 2495 vere
387 2424 501 2494 videor
518 2449 613 2518 posse
636 2425 852 2510 contendere,
875 2447 982 2518 neque
1010 2425 1120 2494 minus
1146 2427 1254 2498 virum

198 2531 323 2601 bonum
334 2584 343 2614 ,
355 2532 551 2626 optimisque
562 2531 687 2599 artibus
700 2531 864 2600 ensditum
874 2584 884 2615 ,
893 2544 969 2624 post
979 2531 1253 2625 proscriptionem

197 2639 365 2732 equitum,
383 2650 519 2732 propter
539 2660 675 2732 magnas
689 2637 759 2731 ejus
775 2637 947 2708 Africanas
966 2637 1201 2730 possessiones,
1221 2641 1253 2708 in

197 2746 457 2838 proscriptorum
470 2767 676 2812 numerumn
693 2745 727 2812 P.
741 2741 940 2828 Volumnio,
952 2742 1108 2837 praefecto
1122 2741 1252 2817 labrum

196 2851 346 2936 Antonii,
364 2850 532 2918 absentem
550 2848 710 2938 relatum,
724 2849 897 2944 expedivit.
913 2847 1014 2936 Quod
1030 2850 1062 2915 in
1078 2840 1252 2942 praesenti⁵

196 3083 237 3096 -
257 3049 354 3104 Nullius
372 3048 514 3100 conditurae
528 3067 574 3100 non
590 3048 700 3110 liaberet,
748 3059 801 3098 terre
822 3047 977 3110 Lucretius,
995 3059 1073 3119 poeta
1087 3048 1212 3120 insignis,
1225 3065 1252 3104 et

195 3144 246 3186 etc.
263 3130 347 3183 Penes
367 3147 427 3180 eum
450 3147 529 3181 omne
550 3127 703 3200 conjugium
746 3127 920 3199 philosophus
934 3127 1095 3198 Epicureus,
1111 3130 1249 3199 quiden-

198 3223 273 3264 esset.
286 3207 410 3262 conditio
423 3221 511 3264 autem
526 3209 637 3260 verbum
655 3225 704 3260 nu·
745 3227 797 3258 rum
811 3208 1039 3260 naturalibrossex
1053 3205 1145 3261 edidit.
1159 3209 1249 3264 Catul-

198 3289 296 3364 ptiale;
311 3287 416 3359 gallire,
429 3290 497 3359 parti
502 3325 509 3347 ‚
527 3287 637 3340 udicare.
745 3286 785 3340 lua
799 3299 886 3340 autem
899 3287 1072 3348 Veronensis,
1086 3300 1162 3360 poeta
1178 3294 1267 3343 mor·'

241 3389 266 3422 a.
286 3368 360 3438 Quod
369 3366 514 3440 qui'rlemsub
527 3369 703 3438 psaproscrp'n·
745 3365 795 3419 dax
804 3380 830 3420 et
842 3369 968 3432 lascivus,
983 3366 1248 3444 quiSylloeMar-iique

197 3453 260 3504 tione
267 3449 402 3520 perillustre
409 3445 515 3515 suiel'lo
523 3444 608 3517 qnod,
619 3463 701 3518 quum
745 3459 819 3500 aetate
831 3445 950 3500 florebat.
967 3478 1007 3489 -
1020 3446 1139 3513 Proesecro
1147 3449 1246 3516 saltum

196 3530 315 3584 certatim
329 3527 539 3602 proscriptorum
552 3525 702 3580 bonainter
744 3525 854 3579 Antonii.
887 3527 941 3592 Qui
962 3525 995 3579 ab
1018 3527 1134 3580 Antonio
1150 3529 1247 3600 labris,

196 3610 293 3664 amieos
308 3627 371 3662 suos
383 3605 516 3659 triumviri
535 3601 700 3670 dividerent,
743 3606 840 3676 quibus
856 3607 884 3659 in
899 3607 968 3658 bello
983 3623 1050 3676 opus
1061 3617 1132 3673 erat,
1148 3609 1247 3681 quique

195 3687 355 3744 recusaverit
378 3685 501 3748 Atticus,
532 3684 585 3735 imo
611 3683 700 3737 amicis
743 3685 876 3739 machinas
884 3684 1245 3760 aedilicant,utcuratorope·

195 3769 317 3840 adempte
330 3763 485 3817 reddiderit.
742 3764 831 3838 risque
852 3777 956 3818 exactor
973 3765 1058 3816 luerat
1079 3767 1242 3838 praepositus.

238 3850 263 3903 3.
285 3844 454 3915 Philosophus.
474 3841 609 3913 Epicureas
630 3843 699 3896 scili·
741 3843 848 3898 Febrem
856 3857 959 3909 autem,
975 3843 1058 3898 forma
1067 3845 1245 3919 antiqrn‚pr0

195 3941 254 3991 cet,
268 3927 308 3980 uti
317 3944 349 3978 ex
359 3923 493 3980 Ciceronis
502 3922 618 3994 epistolis
626 3921 699 3976 docti
736 3925 873 3991 subieram,
892 3937 919 3976 et
932 3922 959 3976 in
968 3922 1019 3975 boc
1028 3923 1243 3987 titulosolemnis.

194 4005 368 4062 contendunt.
386 4004 503 4058 Atticum
521 4019 586 4055 vero
599 4002 698 4074 Epicu·
740 4003 925 4076 —Eepedr'vr'a
932 3995 965 4055 ld
974 4014 1025 4066 est,
1035 4003 1245 4078 proscriptorum

195 4105 271 4141 reum
285 4086 363 4138 luisse
377 4097 455 4156 negat
469 4081 597 4136 Ernstins.
739 4103 850 4137 numero
862 4081 1029 4136 eximendum
1039 4083 1148 4138 curarit.

237 4173 263 4230 4.
279 4167 340 4218 Pon
359 4165 464 4220 Lroeretri
479 4161 615 4236 Camllique
633 4181 696 4214 mor·
782 4165 805 4218 5.
828 4165 858 4218 In
876 4167 996 4235 prasenti.
1021 4161 1092 4214 Tum
1111 4168 1246 4240 tempor-le.

1025 4245 1069 4313 18
