3212 5118
417 477 489 550 382
676 474 940 544 CORNELII
968 471 1198 540 NEPOTIS

414 610 505 672 Quum
519 604 590 658 enim
602 605 755 657 Anaxarcho
771 603 870 656 invisus
884 613 950 654 esset
965 601 1133 666 Nicocreon,
1156 601 1240 671 Cypri
1261 613 1413 672 satrapes,
1443 618 1484 654 et
1504 625 1524 656 ι

416 685 575 758 philosopho
589 681 736 736 Alexander
751 695 811 754 post
824 682 996 734 lautissimum
1005 678 1148 752 prandium
1163 681 1292 751 petiisset,
1308 679 1390 751 quid
1404 683 1439 732 iu
1458 685 1520 734 tali

417 765 539 818 convivio
555 775 641 834 posset
656 761 818 816 desiderari:
835 756 1010 812 Delicatirsinsa
1027 780 1075 822 res,
1093 761 1180 832 inquit
1194 759 1392 822 Anaxarchus,
1413 761 1518 814 Nico-

416 857 523 898 meonta
538 842 699 912 intelligens,
716 861 796 912 nempe
814 853 917 911 eampis
937 839 1058 910 cujusdam
1071 852 1150 910 caput.
1172 840 1313 903 Ceteram,
1328 838 1421 909 quod
1442 861 1514 892 nou

419 923 546 978 intellexit
558 922 726 985 Plutarchus,
744 922 889 974 Nicocreon
908 920 1008 990 optime
1025 917 1199 982 intellexerat,
1217 937 1311 989 magno
1324 921 1512 972 eunuchi

417 1004 500 1066 malo,
512 1019 590 1072 quem
601 1019 684 1072 quum
695 1001 722 1053 in
733 1001 853 1071 Cyprum
867 999 979 1052 insulam
991 1011 1129 1070 tempestas
1143 997 1289 1063 detulisset,
1307 1011 1437 1069 ceptum
1459 1001 1511 1051 iu-

419 1082 501 1135 terllci
516 1081 592 1151 jussit
607 1099 694 1132 memor
708 1084 744 1130 im
757 1083 861 1152 tyroruri.
956 1095 963 1128 r

457 1163 547 1226 Quum
565 1179 627 1231 ergo
645 1171 684 1212 tot
702 1171 824 1229 tantoque
836 1159 889 1211 sint
903 1171 930 1211 et
941 1159 971 1210 in
985 1157 1073 1210 verbis
1086 1169 1113 1210 et
1126 1158 1154 1208 iu
1169 1157 1320 1216 sententiis,
1333 1175 1403 1228 qua
1424 1157 1507 1210 Plu·

418 1241 511 1294 tarcho
526 1241 591 1292 vitio
605 1253 706 1291 vertere
720 1240 778 1309 jure
792 1239 890 1309 possis,
900 1257 948 1290 our
961 1235 1066 1290 taudem
1081 1236 1239 1290 illeGracos
1249 1237 1319 1288 inter
1333 1237 1504 1290 historicos

418 1339 477 1373 cum
492 1317 641 1382 Herodoto,
655 1317 829 1388 Thucydide,
841 1317 1018 1389 Xenophonte
1030 1316 1127 1387 primas
1140 1314 1227 1368 tenet?
1240 1315 1295 1369 Cur
1304 1316 1338 1368 ab
1350 1317 1502 1368 omuibus

418 1399 503 1452 doctis
515 1399 577 1451 viris
590 1399 655 1450 tanti
665 1397 708 1462 lit,
723 1411 752 1450 ut
765 1397 872 1468 quidam
885 1397 1073 1466 interrogatus,
1087 1413 1309 1466 memsupexesse
1320 1396 1440 1462 mallet,
1456 1397 1497 1456 si,

419 1499 473 1532 uno
487 1491 609 1549 excepto,
626 1495 716 1529 omnes
731 1478 831 1548 antiqui
844 1477 983 1546 scriptores
998 1472 1164 1528 desiderandi
1183 1475 1285 1537 forent,
1300 1475 1494 1528 Plutarchum

419 1556 600 1629 responderit?
621 1558 677 1610 Cur
691 1557 720 1608 in
735 1557 780 1608 illo
794 1555 906 1627 legendo
916 1555 1034 1626 juniores
1046 1555 1158 1606 simulet
1169 1571 1257 1616 senes,
1271 1552 1344 1624 quod
1358 1573 1494 1626 perpau-

421 1639 459 1690 cis
480 1635 623 1690 admodum
645 1637 770 1706 contigit,
790 1649 926 1707 tantopere
948 1633 1128 1688 delectantur?
1149 1633 1205 1686 Cur
1225 1633 1333 1686 Buotiu
1350 1633 1490 1706 oppiduli

420 1717 523 1780 incola,
540 1714 587 1768 diu
602 1729 661 1787 post
675 1715 783 1767 Graeciae
797 1715 907 1784 gloriam
922 1726 1013 1778 natus,
1026 1713 1229 1766 Atheniensibus
1243 1713 1295 1764 illis
1307 1725 1334 1764 et
1349 1713 1490 1766 Per-icleis

420 1816 468 1866 par
481 1797 509 1847 in
524 1793 679 1865 quibusdam
694 1795 826 1865 partibus,
845 1795 912 1846 fama
928 1793 1047 1865 superior
1065 1791 1164 1845 evasit?
1184 1793 1293 1844 Duobus
1305 1793 1488 1864 potissimum

420 1875 503 1928 causis
518 1873 546 1924 id
562 1871 731 1926 tribuendum
746 1873 868 1926 arbitror.
890 1873 1007 1925 Primum
1021 1873 1090 1924 enim
1108 1872 1196 1924 nullus
1212 1872 1319 1924 sonasse
1331 1873 1487 1926 Plutarcho

421 1955 505 2023 major
519 1953 546 2004 in
567 1950 738 2006 demihendo
755 1953 818 2018 tuin
837 1953 883 2022 qui
896 1965 950 2005 tam
961 1952 1097 2023 graphice,
1112 1965 1141 2003 ut
1156 1952 1242 2014 siunt,
1262 1969 1318 2002 rem
1335 1949 1483 2022 depingit,

422 2045 452 2084 ut
462 2049 516 2083 non
530 2032 614 2084 solum
627 2044 758 2084 auratam
769 2031 874 2097 audire,
885 2031 930 2084 sed
942 2033 997 2102 ipse
1013 2029 1101 2085 adesse
1110 2028 1268 2094 crediderim
1282 2041 1411 2101 tantaque
1425 2047 1484 2084 arte

422 2112 510 2165 omnia
526 2109 655 2181 disponit,
671 2123 713 2176 ut,
732 2113 776 2164 rix
793 2112 889 2164 librum
906 2111 1025 2163 evolvere
1044 2111 1170 2182 emperie,
1187 2108 1282 2162 viridis
1297 2110 1442 2163 aflectibus
1454 2127 1482 2163 et

421 2191 576 2263 praepotenti
585 2192 682 2261 impetu
693 2192 860 2261 raptus,buic
867 2188 1025 2262 perlegendo
1038 2189 1180 2254 adherens,
1193 2189 1304 2242 velutin
1317 2190 1371 2242 illis
1380 2189 1480 2242 accidit

422 2271 607 2324 commentitiis
623 2272 830 2334 narrationibus,
844 2273 871 2322 in
885 2271 981 2340 quibus
996 2271 1095 2323 auctori
1111 2269 1234 2340 quaslibet
1245 2269 1346 2337 fingere
1362 2267 1478 2322 daturet

420 2369 469 2402 suo
482 2350 591 2402 arbitrio
599 2369 640 2402 res
649 2349 781 2404 ordinare.
797 2349 869 2415 Quid
879 2362 965 2402 autem
978 2349 1005 2402 in
1021 2349 1062 2402 bis
1072 2349 1166 2401 fabulis
1176 2347 1400 2418 magnificentius,
1411 2347 1475 2419 quid

421 2430 575 2494 formosius,
591 2447 670 2499 wem
685 2447 767 2500 quum
780 2431 933 2500 Cleopatra,
947 2429 1001 2481 imo
1010 2430 1142 2482 Venerem
1156 2429 1238 2497 ipsam
1251 2425 1377 2493 dixerim,
1388 2430 1474 2498 priua

422 2511 479 2562 vice
494 2509 639 2560 Antonium
658 2507 824 2579 aggreditur?
843 2507 915 2574 Quid
930 2508 1138 2574 lamentabilius,
1152 2525 1230 2577 wem
1247 2507 1330 2560 Niciae
1343 2519 1370 2559 et
1391 2507 1474 2560 Athe·

422 2588 552 2640 niensium
561 2589 588 2640 in
603 2588 707 2652 Sicilia,
720 2589 806 2641 Crassi
816 2601 843 2640 et
859 2591 1036 2640 Romanorum
1050 2588 1076 2640 in
1091 2587 1231 2639 Parthicae
1245 2585 1349 2638 clades?
1359 2585 1432 2650 Quid
1445 2588 1471 2638 iu

423 2669 480 2738 ipso
493 2669 609 2720 llotnero
625 2669 816 2738 τραγικώτιρον,
837 2686 916 2738 quarn
934 2665 1000 2719 illud
1019 2667 1169 2720 Corneliam
1187 2666 1256 2718 inter
1274 2678 1301 2718 et
1316 2666 1473 2736 Pompeiam

420 2749 529 2818 longum
549 2765 753 2818 supremumque
772 2747 847 2800 vale?
860 2765 946 2818 ,quarn
970 2745 1154 2798 Demosthenis
1174 2757 1201 2796 et
1221 2744 1318 2807 Tullii,
1340 2746 1428 2798 Porcii
1446 2759 1471 2798 et

421 2828 573 2890 Phocionis,
588 2827 725 2890 Eumenis,
741 2826 867 2890 Sertorii,
880 2826 1076 2889 Gracchorum,
1091 2825 1296 2894 Philopoemenis
1309 2837 1335 2876 et
1351 2837 1389 2876 tot
1401 2824 1470 2876 illus·

423 2908 503 2958 trinua
519 2907 636 2958 virorum
651 2905 751 2960 eudes?
776 2906 916 2976 Plerosque
933 2905 1005 2957 enirn
1019 2917 1126 2956 cruenta
1142 2923 1212 2956 mors
1227 2903 1380 2974 intercepit,
1397 2905 1468 2974 quasi

422 2987 482 3039 sita
497 2997 588 3039 natura
603 2999 798 3057 comparatum,
819 2985 923 3037 ateiris
938 2984 1001 3048 illis,
1021 2985 1067 3054 qui
1085 2983 1175 3036 omnia
1189 2983 1288 3036 circum
1301 3001 1328 3034 se
1345 2997 1468 3038 movent.

420 3068 509 3118 cronio
521 3085 625 3137 quoque
641 3066 747 3118 infensis
760 3066 854 3117 animis
867 3065 1009 3130 obsistant,
1022 3077 1047 3116 et
1060 3064 1140 3133 gloria
1153 3063 1221 3133 ipsa,
1234 3063 1275 3114 cui
1288 3072 1354 3112 tauta
1367 3061 1469 3129 cupidi·

422 3159 474 3198 tate
486 3146 603 3210 inhiant,
617 3146 691 3216 quasi
702 3145 844 3198 Horatiana
862 3144 906 3196 illa
924 3143 1083 3207 Necessitas,
1096 3161 1166 3194 nanu
1180 3153 1258 3210 gestet
1268 3141 1340 3192 «lesa
1351 3152 1466 3205 catenas,

422 3237 449 3276 et
463 3225 553 3286 exilia,
568 3237 595 3276 et
609 3243 694 3288 enses,
712 3236 739 3276 et
750 3243 858 3277 venena.

461 3304 495 3354 At
507 3321 561 3354 non
575 3304 707 3372 egregium
722 3303 801 3354 modo
813 3315 974 3356 narratorem
988 3321 1077 3354 rerum
1087 3303 1115 3354 in
1128 3302 1269 3354 Plutarcho
1280 3299 1407 3362 invenias,
1421 3299 1462 3352 sed

423 3381 517 3444 etiam,
531 3399 588 3451 qum
603 3380 709 3451 quidem
725 3383 763 3434 illi
777 3383 908 3452 praecipua
923 3382 979 3434 laus
992 3393 1044 3446 est,
1059 3399 1163 3434 morum
1176 3380 1354 3434 felicissimum
1366 3378 1462 3449 indaga-

424 3474 528 3525 torem,
545 3461 788 3531 enuntiatoremque
804 3462 999 3532 peritissimum.
1015 3462 1122 3531 Optime
1139 3462 1210 3513 enim
1222 3460 1393 3520 intellexerat,
1405 3456 1461 3528 quid

424 3541 551 3612 propositi
568 3541 664 3600 babere
678 3539 771 3592 debeat
787 3541 824 3604 is,
846 3543 892 3612 qui
906 3542 972 3594 vitas
983 3541 1113 3594 clarorum
1130 3541 1248 3594 virorum
1261 3539 1402 3609 scripturus
1413 3551 1460 3600 est,

424 3639 519 3690 nempe
534 3620 604 3672 viros
615 3621 732 3691 praebere
745 3621 826 3674 veluti
839 3626 901 3673 intus
912 3633 936 3672 et
949 3625 974 3672 in
988 3633 1041 3672 cute
1055 3622 1224 3690 conspicuos,
1238 3637 1286 3672 nec
1299 3619 1399 3688 publica
1412 3630 1461 3668 tan·

423 3713 480 3752 tum
496 3702 578 3766 facta,
599 3697 643 3753 sed
658 3702 772 3771 privatos
791 3721 897 3772 quoque
911 3719 1012 3762 mores,
1026 3701 1127 3770 privata
1147 3699 1216 3752 dicta
1233 3701 1260 3751 iu
1273 3696 1459 3750 comareutarics

424 3783 530 3833 referre.
555 3807 565 3826 ι
578 3781 658 3844 Nam,
674 3794 702 3832 ut
718 3783 773 3852 ipse
788 3793 927 3844 memorat,
943 3781 970 3832 in
986 3780 1116 3850 plerisque
1130 3780 1225 3832 horum
1237 3774 1458 3846 virorumpnblieis

428 3885 439 3906 ι
451 3860 626 3922 facinoribus,
645 3861 756 3913 fortune
769 3862 881 3912 maxima
893 3879 953 3931 pars
965 3857 1103 3911 tribuenda
1119 3871 1172 3920 est;
1186 3859 1208 3910 si
1223 3856 1288 3929 quid
1300 3875 1359 3908 rem
1371 3853 1457 3924 privati

428 3967 438 3984 ι
451 3940 576 4003 fecerint,
592 3943 675 4010 siqua
684 3942 761 3994 verbs
771 3939 898 4002 dixerint,
914 3940 942 3990 in
956 3939 1009 4000 his,
1025 3939 1106 3990 veluti
1120 3939 1147 3990 in
1162 3937 1279 4009 quodam
1292 3934 1402 4008 speculo,
1415 3951 1458 3986 co·

427 4021 584 4086 agitationes
602 4021 670 4091 ipsas
685 4035 710 4072 et
725 4021 844 4072 intimam
861 4032 974 4071 mentem
987 4016 1183 4088 deprehendere
1200 4029 1246 4069 est.
1257 4043 1268 4065 ι
1292 4019 1354 4081 Qun
1363 4010 1456 4084 pridem

423 4099 537 4167 apertius
548 4112 574 4152 et
582 4101 664 4154 fusius
678 4101 740 4154 alibi
748 4101 858 4171 explicat
871 4117 878 4152 :
900 4100 979 4152 «Non
990 4117 1049 4169 ego,
1067 4099 1167 4168 inquit,
1183 4097 1304 4150 historias
1315 4095 1408 4160 scribo,
1418 4091 1456 4148 ted
