3282 5156
377 475 452 546 sto
638 475 903 545 CORNELII
938 473 1170 544 Neronis

375 607 423 675 sic
448 604 644 675 familiarum
667 609 829 702 originem
855 605 1049 690 subtexuit²‚
1070 620 1112 700 =ut
1138 631 1178 674 ex
1203 629 1244 674 eo
1267 602 1431 674 clarorum

378 714 525 782 virorum
545 717 743 808 propagines
756 715 918 808 possimus
933 737 1142 809 cognoscere.
1158 714 1250 782 Fecit
1265 709 1331 780 hoc
1345 709 1434 778 idem

378 821 553 916 separatim
565 821 599 887 in
611 819 681 888 aliis
695 819 784 888 libris
797 845 805 888 :
818 835 856 888 ut
869 822 915 888 M.
932 803 1046 888 Rruti³
1060 833 1178 914 rogatu
1190 819 1322 888 lunium
1337 815 1436 888 fami·

377 922 453 994 liam
467 949 486 993 a
502 927 602 1020 stirpe
617 912 658 994 ad
678 925 765 996 hanc
783 941 913 996 atatem
933 926 1048 996 ordine
1060 925 1284 1010 enumeravit,
1297 937 1435 1010 notans,

376 1032 452 1124 qui,
465 1055 485 1100 a
498 1055 564 1124 quo
574 1045 684 1116 ortus,
697 1057 780 1126 quos
794 1033 956 1115 honores,
971 1030 1154 1126 quibusque
1167 1029 1370 1124 temporibus
1384 1053 1436 1098 ce-

378 1139 488 1230 pisset.
505 1139 579 1204 rari
594 1137 694 1207 modo
722 1124 893 1208 Marcelli*
914 1136 1060 1220 enum,
1082 1135 1333 1222 sarnanum
1357 1137 1434 1204 scr-

377 1244 483 1336 pionis
501 1241 647 1312 Cornelii
668 1257 701 1310 et
722 1243 811 1312 Fabii
829 1245 981 1332 Maximi,
995 1243 1171 1314 Fabiorum
1185 1259 1219 1312 et
1227 1241 1432 1312 AEmiliorum

377 1373 509 1444 quoque
522 1375 529 1418 :
543 1349 662 1443 quibus
677 1348 768 1419 libris
785 1349 866 1418 nihil
888 1363 1078 1444 potestesse
1097 1349 1226 1420 dulcius
1243 1351 1296 1434 iis,
1309 1350 1367 1442 qui
1379 1346 1435 1416 ali·

377 1479 474 1548 quam
490 1455 704 1549 cupiditatem
726 1455 851 1526 habent
869 1457 995 1524 notitiae
1013 1454 1177 1524 clarorum
1198 1457 1355 1524 viromm
1374 1455 1433 1522 At·

377 1562 453 1655 tigit
470 1585 603 1656 quoque
621 1562 769 1654 poeticen
785 1588 792 1629 :
809 1562 988 1647 credimus,
1002 1586 1044 1630 ne
1059 1561 1129 1654 ejus
1143 1585 1260 1656 expers
1270 1574 1436 1632 essetsua·

375 1669 496 1736 vitatis.
514 1669 667 1760 Namque
680 1667 847 1753 versibus,
859 1669 916 1762 qui
933 1668 1061 1738 honore¹
1076 1691 1252 1762 rerumque
1267 1681 1433 1761 gestarum

377 1770 592 1865 amplitudine
604 1786 730 1841 ceteros
739 1775 881 1842 Romani
893 1773 1006 1868 populi
1044 1773 1433 1867 raestitemnt,exposuit;

377 1879 445 1978 ita,
459 1893 497 1947 ut
517 1877 578 1946 sub
597 1877 800 1972 singulorum
819 1881 1015 1974 imaginibus
1054 1880 1141 1950 facta
1161 1881 1436 1974 magistratusque

376 2007 491 2052 ectum
517 2007 584 2052 non
600 1982 740 2078 amplius
759 1988 927 2079 quaternis
946 1987 1095 2081 quinisve
1119 1986 1267 2056 versibus
1290 1985 1433 2078 descrip-

377 2090 483 2158 serit:
508 2089 596 2182 quod
618 2093 672 2160 vix
696 2091 898 2164 credendum
921 2094 979 2180 sit,
1005 2106 1113 2162 tantas
1133 2116 1184 2162 res
1203 2106 1271 2177 tam
1290 2092 1435 2160 breviter

378 2197 521 2290 potuisse
533 2194 702 2264 declarari.
714 2200 774 2266 Est
789 2201 888 2266 etiam
904 2222 989 2268 unus
1003 2195 1099 2285 liber,
1116 2201 1231 2267 Graece
1247 2197 1437 2283 confectus,

377 2301 418 2370 de
448 2287 646 2370 consulatu⁶
671 2304 851 2376 Ciceronis.
880 2305 1067 2390 Hactenus,
1093 2305 1203 2374 Attico
1227 2305 1325 2388 vivo,
1347 2301 1435 2372 edita
1466 2390 1470 2399 ι

377 2407 448 2478 haec
466 2431 485 2476 a
506 2407 600 2478 nobis
618 2422 703 2480 sunt.

421 2629 446 2662 a.
465 2609 600 2663 Sndtsaur't.
618 2611 771 2683 Eleganter.
790 2609 817 2664 id
830 2623 885 2678 est,
929 2611 1137 2666 tarcbusveroin
1150 2611 1232 2665 Paulo
1239 2611 1435 2678 eosldsutemo,

378 2689 504 2754 inseruit,
512 2708 600 2742 rerum
614 2709 722 2743 summas
735 2689 882 2744 admiscuit.
930 2691 1024 2744 Numae
1034 2690 1103 2762 regis
1113 2691 1184 2750 filio,
1199 2705 1274 2744 natos
1285 2691 1363 2744 luisse
1370 2690 1433 2744 scti-

378 2769 582 2841 -Pmpoginen
597 2769 754 2842 Metaphort
766 2771 799 2834 ab
811 2771 887 2822 arbo-
929 2771 977 2823 bit.
992 2768 1072 2824 Unde
1083 2771 1183 2824 AEssilt'i
1189 2770 1288 2842 pariter
1298 2768 1363 2824 dicti
1374 2779 1434 2822 sunt

380 2849 454 2904 ribus
469 2847 563 2914 ducta;
579 2849 687 2922 gallice,
702 2849 728 2900 lo
737 2851 884 2919 genealogie.
929 2862 955 2902 et
962 2849 1111 2903 dionei-tini.

421 2930 446 2982 3.
475 2929 513 2980 Μ.
528 2929 608 2982 Bruti.
631 2923 748 2994 Qui'suit
761 2949 792 2984 ex
808 2941 887 3000 gente
972 2929 996 2982 5.
1021 2929 1056 2982 Ut
1070 2929 1269 3000 subcingulorttttt
1282 2927 1433 2999 imaginihus.

378 3007 468 3060 lunia.
477 3007 548 3060 Gens
556 3021 644 3062 autem
653 3009 734 3060 lunia
742 3028 792 3061 una
801 3027 831 3062 ex
839 3029 886 3061 no·
929 3009 984 3061 Sub
1006 3009 1211 3080 uniuscujusque
1230 3009 1325 3080 effigie.
1347 3009 1436 3060 ulma·

275 3117 281 3137 i
379 3086 755 3156 bilissimis,quteaTrojtnis
768 3091 886 3142 etAEnea
929 3089 1020 3160 ginnm
1045 3107 1134 3142 amore
1161 3087 1281 3160 flagrasse
1299 3085 1434 3160 quondam

380 3165 509 3236 originem
524 3179 698 3237 sumpserant.
929 3180 1007 3220 testes
1015 3181 1076 3220 sunt
1083 3181 1109 3221 et
1116 3169 1218 3222 Atticus
1229 3169 1274 3222 ille
1282 3167 1434 3231 Ciceronis,

421 3251 447 3307 4.
464 3245 583 3296 Marulli.
601 3245 705 3298 Scilicet
716 3259 817 3316 ingatii,
828 3265 887 3316 qua
930 3246 1003 3300 edito
1016 3245 1049 3300 de
1068 3247 1110 3302 bis
1123 3247 1274 3312 volumine,
1288 3259 1315 3299 et
1330 3247 1433 3298 Marcus

380 3342 431 3377 vox
447 3323 576 3394 proximis
589 3325 741 3378 nominibus
756 3325 887 3396 Scipionis
930 3325 1436 3398 Varro,beniguissimoinvento,iuser·

300 3397 305 3406 ’
380 3416 407 3456 et
427 3401 502 3455 Fabii
529 3401 675 3474 supplenda
697 3416 758 3469 est,
783 3418 831 3469 ut,
859 3407 886 3458 in
930 3406 963 3458 tis
980 3406 1265 3460 volumiuumsuorum
1280 3402 1434 3459 fecunditati

380 3482 474 3536 ceteris
494 3482 616 3552 genitivis
637 3483 741 3536 numeri
763 3485 886 3558 pluralis,
930 3505 984 3540 non
1005 3486 1157 3538 nominibus
1171 3498 1273 3540 tantum
1289 3486 1436 3557 septingen-

375 3563 496 3630 samdiam
514 3579 546 3614 ex
566 3562 745 3634 superioribus
768 3577 887 3636 repetere
930 3578 1017 3618 torum
1041 3564 1205 3632 illustrium,
1230 3563 1276 3618 sed
1297 3577 1324 3617 et
1347 3565 1433 3634 aliquo

378 3661 483 3696 necesse
503 3653 549 3694 est.
569 3642 725 3696 Plutarchus
748 3643 887 3697 Marcellum
930 3643 1011 3697 modo
1032 3645 1220 3718 imaginibus..
1238 3643 1433 3709 Pliniusfflin.

381 3723 489 3776 aMarte
502 3719 618 3775 deducit.
631 3723 820 3776 -Fabr'orum
833 3723 887 3789 Qui
930 3737 983 3781 nat.
1000 3725 1119 3788 XXXV,
1134 3744 1211 3778 1.-
1233 3724 1380 3776 Credendum
1393 3726 1434 3776 sit.

380 3821 453 3856 sunm
469 3801 599 3874 originem
619 3801 650 3854 ad
667 3803 797 3869 Fabium,
819 3801 887 3856 ller-
931 3803 1069 3856 Notandus
1090 3804 1133 3856 bic
1148 3801 1270 3874 gerundii
1290 3823 1368 3869 usus,
1390 3802 1434 3856 illa

380 3883 446 3934 culis
461 3881 561 3945 filium,
580 3882 707 3935 referunt.
717 3881 886 3947 Plutarchus,
930 3895 1004 3936 retate
1023 3884 1115 3936 rarior.
1136 3883 1196 3936 Τις.

380 3960 408 4013 in
430 3961 511 4013 Fabio
525 3961 648 4014 Maximo.
663 3993 703 4004 -
720 3963 884 4016 AEmi'ls'orum.
970 3965 996 4016 6.
1014 3961 1153 4016 Consulatu.
1168 3962 1254 4027 Quem
1269 3963 1347 4034 gessit
1358 3964 1389 4014 A.
1398 3959 1433 4012 U.

381 4039 665 4106 Qui,testeFesto‚ab
675 4041 885 4104 AEmilio,Asca·
929 4038 959 4095 C.
983 4045 1048 4110 690.
1065 4041 1143 4096 Hunc
1164 4041 1262 4094 librum
1283 4042 1375 4094 Cicero
1400 4037 1435 4091 ad

381 4117 499 4182 niiblio,
513 4138 540 4172 se
552 4132 624 4174 ortos
633 4120 808 4174 celebrabant.
824 4121 887 4176 Plu·
929 4121 1043 4176 Atticum
1048 4121 1105 4188 ,11‚
1118 4140 1142 4188 r,
1151 4123 1340 4174 wnmemsrs'tm
1351 4131 1436 4174 vocat.
