3282 5156
561 499 903 571 rusouuurs.
1181 501 1253 602 307

197 633 256 704 tibi
275 645 400 702 tanturn
423 630 621 702 dementiam
644 635 756 702 venire
779 635 812 702 in
831 629 994 702 animum!
1014 635 1075 720 Et,
1094 635 1120 702 si
1141 657 1256 728 perse-

197 762 316 823 verss,
330 749 469 825 vereor,
490 763 532 808 ne
550 741 585 808 in
607 763 740 808 ornnem
755 740 857 810 vitam
876 753 1005 808 tantum
1020 738 1141 809 loboris
1160 739 1260 836 culpo

199 860 257 916 tus
273 844 431 940 recipias,
444 846 493 914 uti
515 845 549 914 in
564 843 658 914 nulio
675 859 825 940 tempore
838 859 908 914 tute
925 841 983 914 tibi
999 843 1129 939 pinsere
1142 849 1257 941 possis.

199 1044 397 1143 [Cornetus
409 1055 529 1150 Nepos
546 1059 582 1122 in
595 1052 681 1231 lr'lrcrlo
697 1052 741 1122 de
753 1053 921 1176 historicis
930 1055 1082 1140 Manis,
1093 1053 1138 1124 de
1156 1057 1259 1126 laude

669 1183 814 1230 eernnrs.

247 1347 342 1414 xlu.
365 1345 442 1414 Non
461 1339 630 1438 ignorare¹
648 1340 766 1430 debes,
784 1366 888 1412 unum
908 1343 973 1413 hoo
994 1367 1098 1438 genus
1119 1347 1256 1416 listina-

197 1476 270 1520 rum
290 1449 471 1520 litterarum
487 1448 596 1518 adhuc
611 1472 679 1518 non
695 1447 795 1518 modo
809 1472 877 1518 uon
891 1449 1090 1544 respondere
1104 1453 1256 1540 Grocim,

197 1697 251 1749 quo
263 1677 360 1750 possim
381 1677 433 1730 boc
453 1676 564 1729 verbum
582 1675 707 1747 conjungi
750 1675 824 1746 piose
849 1675 1012 1746 impugnavit
1045 1695 1136 1732 eorum
1166 1677 1257 1734 iidem.

197 1756 346 1810 docuerunt
360 1755 512 1810 Gronovius
532 1752 565 1807 sd
584 1755 706 1819 Livium,
750 1753 875 1825 Heusing.
900 1767 987 1807 sutem
1011 1754 1083 1808 bnno
1110 1755 1256 1812 dissensum

198 1837 217 1888 l.
232 1837 330 1900 XXII,
346 1837 381 1890 38
394 1873 402 1900 ,
416 1847 441 1888 et
455 1834 580 1888 Steteren
600 1835 629 1888 in
649 1833 706 1887 Ob·
750 1834 884 1904 egerrime
906 1833 980 1899 tulit,
1004 1853 1129 1906 stumque
1152 1849 1257 1890 senten·

198 1927 291 1970 servat.
305 1916 379 1968 misc.
392 1915 455 1967 vot.
469 1915 509 1980 X,
522 1933 549 1985 p.
567 1913 629 1967 103.
644 1913 705 1968 Τις.
750 1913 814 1966 tinus
836 1913 933 1966 soriter
955 1913 1115 1988 uberiusque
1138 1913 1257 1972 defendit
1309 1909 1314 1922 ’

245 1995 308 2048 Cer.
337 1995 413 2048 XIII.
445 2013 469 2046 t.
499 1994 558 2046 Non
584 1997 704 2064 ignorare.
749 1991 777 2044 in
791 1991 962 2064 prolusione:
983 2019 994 2040 ι
1016 1993 1171 2066 Fragments
1190 1996 1256 2049 Cor-

197 2075 348 2146 Utrumque
370 2075 545 2146 fragmentum
571 2084 610 2124 est
634 2071 707 2125 eodi-
748 2073 812 2144 nelii
827 2071 895 2143 Nep.
918 2069 1152 2146 Guelpberbytans
1167 2094 1182 2126 u
1195 2094 1258 2129 oeu-

197 2151 223 2208 ci
239 2155 367 2225 antiqno,
382 2154 409 2206 in
419 2152 491 2206 bibl.
510 2151 704 2222 Gnelpberbyt.
748 2152 817 2203 soris
832 2151 975 2222 Lipsiensis
988 2151 1073 2204 critici
1085 2153 1186 2223 virgula
1200 2157 1256 2208 vin·

196 2247 316 2296 servato,
329 2245 355 2285 et
367 2251 424 2285 stec.
439 2231 488 2284 xl.
500 2242 606 2283 exarato
616 2267 624 2294 ,
636 2230 705 2282 inter
748 2227 858 2283 dicsra.·
867 2228 1031 2300 Guelpberb.
1043 2233 1255 2301 1760.Klotzius

198 2311 276 2366 codd.
291 2309 478 2365 Gudisnosnr.
493 2312 559 2379 278,
569 2307 704 2362 Ciceronis
747 2321 839 2361 contra
859 2309 887 2361 in
908 2307 1052 2362 Misoellan.
1073 2310 1185 2376 criticis,
1206 2313 1255 2366 Ul·

197 2393 348 2445 orntionum
367 2389 484 2459 Philipp.
497 2426 506 2454 ,
521 2387 704 2458 prescriptum
748 2387 1254 2458 traject.1763,8,csp.XII,modeste
1331 2409 1340 2422 ·

198 2472 231 2522 sb
246 2469 422 2541 homine,qui
434 2486 448 2520 n
461 2465 571 2538 Nepotis
587 2466 703 2518 testimo·
747 2466 830 2520 tuitus
845 2480 884 2518 est
895 2483 968 2519 susm
984 2467 1148 2521 sententiam.
1169 2468 1254 2524 Editis

197 2550 249 2602 niis
268 2549 343 2620 operi
360 2546 484 2600 Tulliano
506 2545 618 2618 petierat
631 2563 703 2598 eom·
747 2544 799 2596 illis
815 2545 1009 2610 Miscellaneis,
1028 2545 1191 2619 Heusinger,
1209 2567 1253 2602 oo·

197 2626 402 2681 mendationem.
419 2627 480 2680 Duo
499 2625 542 2677 illa
559 2624 703 2695 fragments
746 2625 821 2694 guito
832 2622 1136 2689 snotdverssrio,sutm
1145 2627 1253 2698 quidem

197 2709 295 2778 reperit
304 2707 337 2760 cl.
344 2708 361 2760 J
362 2725 400 2760 se.
408 2704 510 2758 Frider.
516 2703 669 2775 Heusinger.
677 2717 704 2757 et
745 2704 900 2756 sententiam
910 2722 963 2756 uon
974 2705 1099 2770 mutetit;
1108 2703 1154 2758 sed
1164 2707 1253 2778 potins

196 2787 224 2839 in
244 2787 345 2858 prolns.
373 2811 384 2833 ι
400 2783 434 2838 de
454 2785 557 2856 Nepote
578 2783 703 2836 Cornelio
745 2801 804 2834 enm
819 2780 896 2835 docte
909 2781 1079 2854 modesteque
1094 2783 1252 2840 denuorin·

196 2863 393 2919 benemerendi
404 2861 626 2936 sliqnotsnbsidis
637 2862 701 2916 bibl.
745 2859 886 2924 dicavitin
905 2862 985 2914 alters
1000 2861 1065 2915 edit.
1082 2887 1094 2910 ι
1112 2862 1152 2916 FI.
1165 2865 1251 2918 Mittit

197 2941 701 3019 Guelpberbyttnss,·Guelpb.1759,
744 2939 880 2992 Theodori
893 2939 927 2994 de
943 2941 1033 2993 metris
1046 2933 1113 2994 liber'
1115 2981 1170 2996 ......
1186 2963 1251 3016 prss·

198 3030 239 3089 4,
262 3026 381 3078 attribuit
402 3024 559 3097 copioseque
584 3020 702 3074 vindicu-
745 3031 837 3090 terque
850 3020 1009 3091 scriptorum
1019 3019 1120 3093 sliquot
1131 3035 1250 3078 veterum

197 3105 235 3156 vit
249 3105 396 3168 Cornelio,
413 3115 439 3156 et
465 3128 476 3150 ι
493 3093 622 3174 geuuirin,
644 3101 701 3165 ait,
744 3099 957 3171 spospasrnstis,
987 3099 1104 3152 Cornelii
1139 3100 1250 3175 Nepotis

197 3181 253 3236 Iseo
268 3201 323 3235 esse
341 3182 453 3253 Nepotis
468 3193 655 3239 monuments,
669 3199 701 3234 es
744 3179 887 3249 ingruente
910 3177 1102 3250 Guelpberbyt.
1121 3198 1182 3234 oum
1202 3181 1249 3236 de-

198 3257 362 3314 indiciistsm
373 3261 516 3315 manifestis
524 3274 629 3332 temque
637 3257 701 3311 c'on·
744 3257 906 3310 tensionibus
925 3257 979 3310 suis
996 3255 1091 3330 adjecit
1105 3259 1161 3315 Jso.
1175 3261 1249 3318 Frid.

197 3339 368 3392 sentientibus
393 3339 496 3402 elucet,
522 3351 550 3391 ut
578 3337 701 3410 equidem
745 3336 899 3408 Heusinger.
921 3363 932 3384 ι
959 3335 1025 3408 Lug.
1048 3337 1137 3392 Bstsv.
1165 3345 1250 3411 1766,

198 3417 310 3488 opiner,
327 3415 361 3470 de
376 3419 524 3488 integritate
545 3435 637 3469 eorum
654 3417 701 3488 qui
746 3420 778 3480 8,
792 3417 839 3469 ubi
854 3433 953 3470 recuses
965 3429 1027 3469 sunt
1041 3435 1068 3488 p.
1089 3417 1158 3482 103,
1175 3437 1246 3492 seqq.

198 3493 316 3562 dubitet,
328 3497 446 3548 futurum
462 3514 516 3548 esse
533 3496 674 3548 neminem.
686 3521 697 3542 ι
743 3495 818 3566 prior
833 3495 963 3568 prolusio;
976 3497 1107 3566 posterior
1118 3510 1205 3551 sutem
1219 3519 1246 3572 p.

198 3575 272 3628 Hanc
293 3576 471 3646 prolusionem
490 3573 597 3627 Fischer
614 3575 701 3644 subje·
748 3591 812 3644 ιη,
827 3593 883 3646 sqq.
899 3587 926 3627 et
937 3593 964 3646 p.
983 3575 1035 3628 1⁵⁵
1053 3575 1163 3648 incipit,
1181 3577 1247 3632 ·Ad

197 3668 268 3708 cerat
291 3651 401 3708 editioni
430 3671 483 3706 sute
507 3653 625 3724 Nepotis.
649 3651 702 3705 Sed
743 3651 870 3707 vindicias
900 3653 1107 3724 fregmeutornrn
1138 3654 1249 3727 Nepotis

198 3734 322 3806 quonism
350 3734 382 3786 lis
404 3730 467 3786 inde
488 3745 546 3785 ortt
570 3745 607 3785 est
632 3733 701 3786 inter
744 3733 873 3786 secessio:
892 3757 903 3780 ι
921 3729 956 3784 de
969 3749 1022 3802 qne
1037 3751 1247 3804 oquerereenu·

198 3813 389 3885 Heusingerum
407 3824 485 3884 utque
498 3811 651 3876 Klotzinm,
668 3811 701 3864 il·
743 3809 777 3864 de
791 3810 917 3881 judicavit
929 3811 1017 3864 Klots.
1030 3812 1059 3864 in
1070 3811 1141 3866 Actis
1153 3813 1246 3870 Litter.

197 3893 249 3946 lem
273 3893 453 3966 prolusionem
470 3892 498 3944 in
518 3889 701 3944 beneditione
743 3891 796 3943 vol.
812 3891 871 3954 III,
887 3901 955 3962 pert.
979 3905 1033 3954 stt,
1051 3905 1078 3961 p.
1100 3891 1166 3953 345.
1181 3893 1248 3958 Ques

197 3973 277 4026 malui
293 3973 432 4034 omittere,
449 3989 529 4042 qoem
553 3970 642 4022 omnis
656 3969 701 4022 hic
744 3970 833 4022 omnia
853 3969 876 4021 si
891 3969 919 4022 in
933 3968 984 4021 hro
1001 3967 1114 4039 Nepotis
1131 3968 1247 4026 editione

197 4065 323 4122 repetere.
344 4052 466 4104 Klotzius
491 4050 562 4103 enim
583 4049 612 4101 iu
632 4049 700 4102 Nor.
744 4047 1247 4120 repeterem,vererer,nelimiteslibri

198 4131 269 4184 Artis
290 4130 394 4186 Erudit.
409 4149 444 4184 m.
460 4129 537 4183 Febr.
558 4128 642 4198 1759,
659 4145 702 4182 oo·
744 4129 893 4198 migrarem.
910 4124 1031 4198 Theopb.
1048 4126 1144 4183 Christ
1161 4128 1246 4184 IIsns.

998 4233 1065 4304 20²
