3200 5120
385 515 497 567 xavtn
764 471 1095 564 Tu'sttntottlt

384 625 478 718 cujus
497 617 641 717 epistole
656 618 785 690 initium
802 633 868 694 est:
888 649 906 684 o
923 617 1045 690 Oblata
1057 643 1118 714 per
1132 621 1334 715 antiquarios
1351 649 1448 698 mora

385 733 455 805 scio
472 729 622 825 promissi
637 728 776 822 gratiam
795 727 1038 826 exspectatione
1056 729 1447 822 consumptam,Probe,

385 839 438 908 vir
452 837 591 930 optime,
604 847 666 903 etc.
677 862 695 898 s
711 835 863 926 Seqmtur
878 831 1035 928 deinceps
1045 831 1088 904 nd
1104 831 1257 909 eundern
1267 834 1446 910 diurnum

384 941 562 1014 innabicum
576 939 641 1012 hoc
661 940 823 1035 principio
839 965 846 1008 :
867 967 884 1006 r
900 941 1020 1034 Perge,
1037 964 1059 1008 o
1077 935 1200 1026 libelle,
1214 941 1387 1027 Sirmium,
1401 947 1446 1014 Et

383 1049 438 1118 dic
457 1047 538 1123 hero
560 1070 653 1133 meo,
677 1060 711 1116 et
727 1060 802 1133 tuo,
820 1059 883 1114 etc.
906 1073 924 1110 r
948 1046 1000 1116 Ex
1016 1045 1135 1140 quibus
1153 1043 1333 1140 intelligere
1352 1047 1444 1139 licet,

382 1154 474 1223 hunc
492 1152 638 1229 Probum
659 1173 818 1246 magnum
835 1149 1030 1245 quemdam,
1049 1165 1083 1220 et
1103 1148 1245 1240 clarum,
1257 1167 1290 1224 et
1307 1157 1444 1227 summis

382 1257 566 1329 honoribus
584 1271 738 1330 ornatum
751 1258 860 1328 virum
879 1255 998 1344 fuisse,
1011 1270 1059 1344 et,
1077 1257 1166 1351 quod
1186 1257 1324 1330 toruos
1338 1262 1445 1356 magis

382 1365 427 1436 ad
446 1389 516 1436 rem
533 1365 690 1459 pertinet,
700 1362 861 1436 disertum
878 1377 913 1432 et
932 1360 1149 1456 eloquentem.
1162 1365 1217 1436 sic
1234 1365 1322 1436 enirn
1339 1367 1444 1436 Auso·

383 1473 459 1540 nius
479 1472 513 1538 in
535 1468 591 1539 illo
609 1470 768 1538 dimetro:
787 1497 805 1534 c
819 1471 918 1542 Hunc
930 1468 1020 1557 dico,
1035 1470 1092 1564 qui
1106 1467 1218 1565 lingua
1238 1485 1355 1566 potens
1374 1473 1443 1542 Mi-

382 1601 499 1654 norem
517 1575 666 1646 Atridam
688 1576 835 1670 preterit
852 1573 990 1646 Ornndo
1007 1597 1136 1672 pauco,
1156 1591 1191 1646 et
1210 1577 1357 1665 musica,
1376 1579 1442 1666 Qui

383 1681 557 1776 grandines
579 1679 731 1776 Ulyssei,
751 1696 785 1750 et
804 1679 1054 1753 Mellifluentem
1074 1683 1232 1769 Nestora,
1254 1685 1442 1754 Concinna-

382 1801 490 1861 torem
512 1802 545 1856 et
561 1786 724 1873 Tullium,
744 1801 830 1858 etc.»
855 1789 960 1858 Porro
981 1801 1110 1875 nutem,
1131 1802 1252 1883 preter
1272 1791 1320 1858 nt
1343 1791 1442 1860 Auro

381 1890 462 1965 lium
475 1891 646 1966 Valerium
659 1893 806 1966 Probum
816 1895 1068 1988 imperatorem,
1078 1895 1135 1987 qui
1148 1895 1323 1990 imperavit
1337 1919 1442 1966 annos

382 2000 527 2096 quinque
536 2013 569 2070 et
578 1999 1126 2096 mensesquatuor,annoaChristo
1135 2015 1214 2072 neto
1222 2002 1441 2090 CCLXXIX,

382 2105 515 2176 Probor
541 2104 665 2200 aliqrmt
692 2108 840 2202 reperio,
861 2103 917 2176 lib.
943 2129 984 2178 ιιι
1006 2108 1188 2177 Fastorum.
1219 2109 1261 2176 In
1285 2103 1439 2180 his'Sex.

381 2214 560 2299 Am'crirm,
582 2211 748 2302 Semfil,
771 2216 967 2298 Retront'rtm
985 2209 1135 2284 Probum
1149 2213 1191 2283 V.
1207 2213 1247 2282 C.
1269 2211 1438 2284 consulem

380 2341 469 2388 anno
486 2333 619 2412 apum
639 2319 774 2414 virginis
793 2317 1047 2406 CCCLXXIV,
1060 2316 1296 2412 imperantibus
1315 2317 1362 2388 Fl.
1375 2320 1440 2390 Va·

381 2420 488 2511 lente,
513 2437 547 2494 et
573 2422 622 2493 ΡΙ.
642 2423 896 2512 Valentiniano,
924 2421 1028 2494 alteru
1051 2425 1087 2494 in
1107 2425 1257 2512 oriente,
1279 2421 1383 2494 altero
1403 2425 1438 2496 in

379 2529 549 2600 ochdente
558 2555 569 2615 ς
579 2545 614 2602 et
625 2555 713 2603 anno
727 2531 1001 2618 CCCLXXXII,
1014 2555 1108 2619 eum,
1122 2555 1222 2625 quem
1236 2555 1336 2626 supra
1346 2553 1437 2602 oom-

379 2637 578 2724 memornri,
591 2639 672 2710 See.
685 2639 861 2724 Aru'ctirm,
879 2637 1040 2728 Senfil,
1060 2635 1231 2723 Probum,
1244 2636 1435 2732 prefectum

378 2745 554 2836 pretorio,
576 2743 618 2815 ad
637 2768 735 2838 quern
760 2755 850 2814 extat
871 2739 925 2812 illa
947 2743 1084 2813 Ausonii
1113 2740 1250 2838 epistola
1267 2769 1278 2830 ;
1297 2757 1331 2812 et
1347 2765 1436 2812 anno

376 2847 560 2932 CCCCIX,
568 2851 648 2919 Sex.
658 2850 839 2934 Amorem,
856 2847 1014 2936 Sex-fid,
1030 2851 1111 2920 Sex.
1130 2835 1307 2946 nepotem,
1315 2853 1434 2924 Petro·

375 2958 467 3024 utrm
479 2952 646 3038 Probum,
661 2951 830 3028 consulem
839 3006 850 3041 ,
859 2953 1112 3048 imperatoribus
1127 2953 1315 3026 Theodosio
1324 2955 1434 3048 junio·

376 3082 412 3127 re
421 3113 430 3144 ,
439 3058 572 3138 Arcadii
584 3057 668 3148 filio,
681 3073 714 3130 et
724 3059 771 3131 Fl.
786 3061 935 3131 Honorio
946 3061 1014 3132 Pio.
1026 3061 1148 3156 Reperi
1157 3075 1191 3134 ct
1203 3059 1303 3130 alium
1318 3083 1434 3154 quem·

374 3163 451 3237 darn
471 3169 633 3238 Mecium
653 3157 820 3252 Probum,
844 3165 1014 3261 presidem
1033 3168 1210 3263 provinciae
1237 3165 1403 3260 Hispaniis
1423 3219 1434 3252 ,

374 3293 473 3364 quern
495 3286 732 3342 commemorat
757 3271 941 3366 Ulpianus,
958 3271 1012 3344 lib.
1035 3274 1184 3344 XLVIII
1210 3271 1434 3366 digestorum,

374 3373 470 3444 titulo
490 3373 533 3444 de
550 3377 730 3450 interdictis
748 3391 781 3448 et
798 3377 965 3474 relegatis,
981 3377 1033 3449 bis
1051 3377 1183 3448 verbis:
1207 3406 1225 3442 o
1245 3375 1311 3448 Sed
1329 3379 1432 3471 impe-

372 3495 464 3550 rator
486 3495 599 3555 noeur
619 3509 695 3566 cum
722 3483 800 3556 divo
828 3499 921 3579 patre
948 3509 1008 3554 suo
1029 3483 1107 3556 huic
1134 3485 1182 3554 rei
1202 3483 1430 3578 providerunt.

372 3587 490 3658 Maecio
504 3589 592 3660 eninr
612 3589 739 3680 Probo,
751 3590 881 3685 presidi
901 3591 1079 3686 provincie
1100 3591 1283 3686 Hispaniae,
1308 3589 1430 3658 rescri-

371 3709 529 3792 pserunt,
542 3695 640 3766 etiem
654 3721 694 3766 ea
710 3699 882 3792 provincia
893 3695 1060 3785 interdici,
1072 3694 1162 3767 unde
1179 3697 1252 3791 quis
1269 3693 1429 3764 oriundus

372 3803 434 3889 sit,
447 3801 489 3870 ab
504 3827 561 3891 eo,
574 3804 630 3898 qui
643 3804 727 3898 regit
738 3827 811 3873 eam
829 3803 1051 3904 provincipm,
1063 3803 1121 3874 ubi
1136 3805 1208 3898 quis
1226 3797 1428 3877 domicilium

371 3907 508 3997 habeat,
526 3922 623 3983 ete.»
648 3911 868 3982 Pretermitto
888 3897 1097 3997 Pmdrirnor,
1122 3923 1157 3980 et
1175 3903 1360 3991 Probt'rros,
1384 3903 1427 3974 ab

370 4012 422 4088 his
433 4014 548 4086 Probis
563 4014 677 4088 leviter
688 4016 832 4090 deflexos
846 4041 885 4088 ac
896 4015 1070 4088 derivatos.
1084 4019 1212 4086 Horum
1225 4013 1326 4107 igitur
1338 4015 1426 4081 Pro·

370 4119 649 4207 bremensium
666 4121 794 4198 nullum
809 4121 907 4218 hujus
924 4121 999 4196 libri
1013 4137 1183 4196 auctorem
1202 4144 1273 4192 ease
1291 4141 1426 4215 persua
