3200 5120
424 491 469 574 14
683 485 953 555 CORNELII
984 486 1238 555 NEPOTIS·
1406 477 1423 510 ⁶

471 621 531 688 Vl.
554 619 660 710 Cujus
676 619 838 704 rictoriae,
860 615 1100 687 nonalienum¹
1120 617 1273 704 videtur,
1294 613 1392 710 quale
1402 641 1489 712 prae-

420 727 522 794 mium
542 723 684 793 Miltiadi
706 727 746 794 sit
769 725 947 810 tributum,
968 721 1089 792 docere
1104 748 1113 792 ι
1127 749 1194 818 quo
1207 721 1333 792 facilius
1351 723 1490 818 intelligi

417 835 536 928 possit,
553 832 701 900 eamdem
719 833 868 900 omnium
887 833 1058 900 civitatum
1072 855 1142 898 esse
1161 844 1323 900 naturam.
1336 831 1385 898 Ut
1399 831 1491 899 enim

419 938 534 1034 populi
555 937 678 1008 nostri²
698 938 842 1006 honores
866 937 1035 1031 quondam
1055 937 1190 1006 fuerunt
1209 939 1275 1006 rari
1293 950 1327 1004 et
1352 951 1490 1024 tenues,

417 1046 462 1115 ob
480 1070 619 1138 eamque
639 1068 773 1114 oausam
789 1044 943 1138 gloriosi,
964 1069 1054 1113 nunc
1068 1058 1180 1113 autern
1196 1043 1292 1112 effusi
1307 1057 1408 1138 atque
1423 1043 1489 1113 ob-

418 1150 530 1238 soleti;
550 1154 595 1220 sic
604 1151 684 1220 olim
694 1151 782 1246 apud
793 1151 1011 1220 Athenienses
1020 1149 1119 1220 luisse
1130 1151 1319 1246 reperimus.
1333 1152 1491 1246 Namque

416 1243 511 1328 huic³
528 1257 688 1344 Miltiadi,
703 1259 759 1351 qui
770 1256 934 1344 Athenas,
949 1271 1119 1352 totamque
1132 1257 1294 1327 Graeciam
1313 1255 1492 1346 liberarat,

417 1365 490 1434 talis
505 1364 614 1432 honor
629 1364 774 1432 tributus
788 1377 857 1451 est,
877 1365 910 1430 in
926 1366 1078 1458 porticu,
1092 1389 1165 1458 quae
1187 1362 1307 1432 Poecile
1324 1377 1490 1451 vocatur,

416 1496 519 1566 quum
535 1494 649 1566 pugna
665 1470 902 1565 depingeretur
915 1470 1146 1559 Marathonia,
1167 1471 1252 1538 utin
1270 1469 1385 1538 decern
1403 1495 1488 1564 prae·

416 1670 554 1742 praelium,
570 1682 601 1721 ut
621 1668 701 1721 etiam
726 1687 774 1740 per
800 1687 866 1734 eos,
880 1670 928 1741 qui
973 1669 1108 1723 Diodorus
1122 1669 1240 1734 Siculus,
1255 1671 1305 1734 lV,
1324 1676 1367 1732 rt.
1386 1697 1397 1718 ι
1410 1671 1488 1722 Dona

417 1751 445 1802 in
461 1750 508 1802 illo
525 1749 700 1812 interierunt,
709 1751 798 1820 jurare
811 1751 929 1802 solemne
972 1752 1045 1802 enim
1064 1750 1226 1822 amplissima
1248 1748 1439 1820 imperatorum
1460 1763 1487 1802 et

417 1826 580 1882 fieretvide
596 1829 768 1881 Demosthen.
783 1827 817 1882 de
827 1829 928 1882 Coruo.
972 1831 1085 1883 fortium
1101 1829 1201 1882 civium
1223 1842 1280 1882 tum
1295 1843 1389 1896 eram,
1401 1849 1488 1900 quan-

416 1929 474 1981 cap.
495 1911 542 1962 60,
560 1939 601 1952 —
617 1910 710 1961 Tantos
722 1928 778 1980 opes
788 1913 933 1979 prostravit:
973 1923 1030 1962 tum
1047 1911 1170 1982 quisuno
1185 1908 1230 1962 die
1243 1909 1486 1975 circumvenissem

417 1990 466 2044 Gr.
478 1985 584 2060 δύναμιν
598 1989 741 2059 ratpoti.
756 1990 797 2041 lta
809 1990 837 2040 in
846 1989 931 2042 Thra·
972 2003 999 2043 et
1008 1991 1136 2062 quartarii
1146 1990 1223 2042 larris
1232 2003 1279 2042 aut
1287 1989 1415 2054 heminae,
1425 2009 1489 2044 eon-

417 2068 754 2142 sybulo‚Couone,Dione
763 2082 789 2121 et
798 2069 930 2122 Annibale
973 2071 1074 2122 ferente
1086 2070 1196 2142 populo.
1213 2096 1224 2116 ·
1245 2069 1315 2122 Plin.
1331 2069 1442 2136 XVIII,
1459 2071 1487 2124 3.

416 2148 545 2222 loquitur.
563 2149 603 2200 De
616 2166 744 2200 cesorum
758 2165 871 2200 numero
887 2149 929 2201 in·
972 2181 1008 2193 -
1017 2150 1104 2216 Effusi
1115 2162 1186 2221 atque
1198 2149 1303 2201 obsoleti.
1317 2146 1350 2200 td
1363 2162 1415 2215 est,
1424 2169 1489 2221 pro·

417 2241 458 2282 ter
478 2229 620 2300 scriptores
640 2246 695 2280 non
711 2229 845 2280 convenit.
864 2228 929 2300 Epi·
973 2229 1073 2281 miscue
1087 2229 1187 2300 vulgati
1209 2243 1235 2282 et
1253 2229 1326 2282 viles.
1348 2230 1387 2280 lta
1408 2231 1485 2282 Curt.

417 2327 533 2380 gramme
544 2326 608 2360 vero
616 2305 683 2359 illud
691 2345 698 2369 ,
712 2306 785 2379 quod
793 2308 929 2360 Maratho-
973 2309 1013 2361 tx
1022 2327 1050 2374 ,ι
1065 2327 1072 2362 :
1086 2335 1097 2355 ι
1108 2309 1168 2362 Jam
1180 2309 1244 2362 vilia
1259 2322 1286 2362 et
1298 2309 1417 2362 obsoleta
1430 2330 1488 2362 esse

416 2391 468 2441 nire
487 2405 583 2461 pugnae
600 2388 629 2439 in
649 2387 755 2459 porticu
772 2388 868 2440 Poecile
888 2389 929 2440 in-
973 2389 1057 2460 spolia
1071 2388 1105 2442 de
1116 2389 1212 2442 Persis.
1225 2415 1235 2434 u
1250 2391 1372 2441 Attamen
1388 2389 1421 2442 ad
1438 2409 1487 2442 an·

416 2468 547 2540 seriptum
557 2466 622 2532 tuit,
633 2464 687 2520 fide
703 2467 785 2538 magis
800 2465 928 2538 dignum:
973 2469 1078 2540 tiquam
1088 2487 1189 2521 morem
1202 2467 1301 2520 ducum
1315 2469 1487 2542 militumque

417 2540 525 2603 &titur
536 2539 831 2620 πριμιὶχοντιςΙᾸθιναῖοι
840 2553 931 2619 Mcpa·
972 2549 1079 2620 praemia
1087 2553 1221 2620 Augustus
1229 2550 1370 2610 revocavit,
1378 2563 1409 2602 ut
1419 2549 1487 2602 Sue-

555 2634 611 2680 dr'rit
972 2629 1078 2694 tonius,
1090 2630 1132 2694 11,
1143 2631 1178 2682 25
1187 2668 1196 2693 ,
1205 2641 1308 2681 narret:
1322 2654 1334 2674 e
1350 2631 1427 2682 Dona
1437 2631 1488 2682 mi·

443 2699 561 2762 bertier
576 2702 672 2764 Midae
683 2707 759 2760 alacer
768 2702 902 2778 μυριάδας.
972 2709 1057 2761 litaria
1074 2708 1209 2779 aliquanto
1229 2709 1344 2774 facilius,
1363 2710 1486 2782 phaleras

416 2789 458 2841 En
472 2789 517 2841 illa
532 2801 632 2860 tropea
645 2803 703 2859 quae
722 2787 929 2840 Themistoclem
972 2799 999 2839 et
1012 2800 1133 2858 torques,
1154 2802 1181 2840 et
1200 2787 1333 2860 quidquid
1354 2807 1420 2842 auro
1442 2807 1485 2841 ar·

414 2870 612 2940 resipiscentem
629 2867 791 2920 excitabant!
970 2869 1486 2939 gentoqueconstaret,quamvallnresac

457 2949 521 3000 Car.
538 2948 587 3000 Vl.
606 2965 631 2999 1.
652 2947 711 2998 Non
731 2946 843 2996 alienam.
867 2945 928 2997 Nou
971 2947 1085 2998 murales
1099 2948 1406 3019 coronas,qu1ebonore
1417 2969 1486 3022 pre·

415 3027 646 3098 intempestivum,
659 3037 690 3076 ut
702 3023 822 3094 loquitur
835 3023 930 3076 Sallus·
971 3027 1110 3092 callerent,
1125 3027 1275 3081 dabat:lms
1289 3047 1368 3098 quam
1383 3031 1486 3102 parcis·

415 3107 468 3158 tius
483 3125 490 3158 :
508 3133 519 3153 .
537 3106 589 3158 Res
603 3103 659 3173 ipsa
675 3103 777 3154 hortari
791 3099 924 3186 ridetur·
971 3105 1037 3158 sime
1057 3119 1084 3158 et
1107 3108 1165 3160 sine
1191 3108 1351 3174 ambitione,
1367 3127 1397 3162 ac
1414 3127 1486 3180 sepe

417 3182 737 3238 caut.v1.-lt'armm.
749 3181 927 3235 Consuetudi-
971 3184 1049 3237 etiam
1066 3187 1182 3258 caligatis
1195 3187 1297 3240 tribuit.

415 3283 490 3330 nem,
500 3262 649 3333 ingenium,
660 3279 748 3313 mores
759 3273 785 3313 et
798 3259 926 3316 indolem.
1013 3266 1039 3319 3.
1052 3267 1119 3318 Huic
1129 3267 1166 3320 M.
1177 3267 1357 3320 Celeberrimo
1371 3266 1410 3320 illi
1420 3267 1485 3322 tfit·

457 3362 482 3396 a.
494 3341 585 3413 Populi
594 3345 677 3393 nostri.
690 3341 803 3392 Romani
815 3341 927 3408 scilicet,
971 3343 1185 3399 tiadi-Poecile.
1193 3346 1290 3400 Poecile
1299 3347 1417 3419 porticus
1426 3363 1483 3402 erat

414 3425 488 3495 cujus
511 3439 599 3474 mores
622 3439 668 3473 sua
693 3432 769 3473 etate
787 3433 928 3494 corruptos
969 3425 1187 3490 Athenis,variis
1202 3429 1366 3498 picturarum
1381 3429 1484 3499 generi·

414 3501 570 3575 perstringit
592 3513 691 3553 noster.
708 3533 742 3542 -
765 3502 876 3552 Honores
877 3541 926 3554 .....
970 3506 1020 3558 hus
1036 3503 1176 3572 adornata,
1190 3524 1303 3577 quarum
1319 3519 1412 3560 auctor
1429 3508 1482 3560 Po-

414 3587 478 3646 rarr',
493 3583 556 3653 quia
571 3599 658 3652 neque
674 3579 827 3643 ambitioni,
840 3599 928 3652 neque
970 3585 1224 3656 lyguotusThasius
1235 3587 1312 3658 Diog,
1324 3587 1483 3652 Leert.VII,

412 3664 517 3736 gratia,
531 3659 577 3714 sed
599 3659 647 3713 uni
668 3658 762 3712 virtuti
785 3659 926 3714 dabantur.
970 3665 998 3716 in
1017 3666 1132 3718 Zenone.
1151 3667 1183 3717 In
1198 3666 1248 3719 hac
1267 3669 1373 3738 porticu
1392 3685 1483 3740 pugna

416 3746 523 3804 Tenues,
533 3759 632 3814 nempe
644 3737 816 3792 obsidionalis
828 3757 927 3794 comus
969 3743 1137 3798 Marathonia
1153 3742 1258 3817 depicta
1267 3759 1313 3798 est.
1325 3746 1423 3800 Poecile
1436 3765 1483 3800 au·

415 3819 600 3878 tantummodo
616 3821 751 3893 graminea
764 3832 820 3871 erat
835 3815 926 3880 (Gell.
970 3835 1038 3890 tem,
1049 3843 1089 3895 gr.
1107 3827 1223 3888 Ποικίλη,
1236 3825 1321 3878 oritur
1335 3827 1482 3892 επιιιιίλος,

415 3905 451 3970 V,
465 3902 497 3969 6)
511 3916 585 3956 tanto
602 3914 689 3954 autem
702 3901 805 3952 honore
820 3899 926 3965 habita,
970 3899 1091 3966 (dirersis
1098 3905 1232 3958 coloribus
1238 3903 1402 3966 distinctus).
1411 3909 1482 3959 Ante

414 3997 444 4035 nt
460 3983 552 4036 omnia
569 3983 619 4054 ipsi
631 3980 727 4035 decora
738 3981 872 4033 cesserint.
883 3980 927 4033 Sic
970 3987 1171 4046 Πιισιανιίκτιιος
1185 3982 1330 4037 ἆίιιιιΝἰά.
1344 3985 1422 4056 Diog.
1432 3987 1481 4040 La.

414 4075 442 4116 et
462 4062 533 4134 apud
549 4063 657 4116 Grecos
678 4061 926 4134 Olympionicarum
948 4124 952 4130 Ι
968 4062 1035 4116 ibid.
1049 4097 1090 4108 -
1104 4065 1286 4135 Depmgeretur.
1306 4065 1330 4114 Α
1345 4063 1480 4134 Pannno,

414 4145 554 4214 praemium
583 4160 681 4194 corona
704 4153 760 4194 erat
788 4140 925 4212 oleagina,
970 4143 1072 4197 Phidiae
1088 4145 1184 4213 fratre,
1197 4143 1297 4215 pictum
1314 4141 1343 4196 id
1355 4145 1479 4215 preliruu
