<?xml version="1.0" encoding="UTF-8"?>
<!DOCTYPE html PUBLIC "-//W3C//DTD XHTML 1.0 Transitional//EN"
    "http://www.w3.org/TR/xhtml1/DTD/xhtml1-transitional.dtd">
<html xmlns="http://www.w3.org/1999/xhtml" xml:lang="en" lang="en">
 <head>
  <title>
</title>
<meta http-equiv="Content-Type" content="text/html;charset=utf-8" />
  <meta name='ocr-system' content='tesseract 3.04.00' />
  <meta name='ocr-capabilities' content='ocr_page ocr_carea ocr_par ocr_line ocrx_word'/>
</head>
<body>
  <div class='ocr_page' id='page_1' title='image "./corneliusnepose00descgoog_0422.png"; bbox 0 0 3282 5156; ppageno 0'>
   <div class='ocr_carea' id='block_1_1' title="bbox 353 508 1246 606">
    <p class='ocr_par' dir='ltr' id='par_1_1' title="bbox 353 508 1246 606">
     <span class='ocr_line' id='line_1_1' title="bbox 353 508 1246 606; baseline 0.002 -28"><span class='ocrx_word' id='word_1_1' title='bbox 353 511 423 579; x_wconf 85' lang='lat' dir='ltr'><strong>AD</strong></span> <span class='ocrx_word' id='word_1_2' title='bbox 452 510 783 580; x_wconf 81' lang='lat' dir='ltr'>CORNELIUM</span> <span class='ocrx_word' id='word_1_3' title='bbox 810 510 1077 578; x_wconf 81' lang='lat' dir='ltr'>NEPOTEM.</span> <span class='ocrx_word' id='word_1_4' title='bbox 1174 508 1246 606; x_wconf 73' lang='grc'><strong>347</strong></span> 
     </span>
    </p>
   </div>
   <div class='ocr_carea' id='block_1_2' title="bbox 189 629 1341 4136">
    <p class='ocr_par' dir='ltr' id='par_1_2' title="bbox 189 629 1341 4136">
     <span class='ocr_line' id='line_1_2' title="bbox 189 629 1252 712; baseline 0 -18"><span class='ocrx_word' id='word_1_5' title='bbox 189 651 312 708; x_wconf 72' lang='lat' dir='ltr'><strong>vuum,</strong></span> <span class='ocrx_word' id='word_1_6' title='bbox 325 638 507 694; x_wconf 74' lang='lat' dir='ltr'><strong>duriusculum</strong></span> <span class='ocrx_word' id='word_1_7' title='bbox 523 639 580 692; x_wconf 83' lang='lat' dir='ltr'><strong>iore</strong></span> <span class='ocrx_word' id='word_1_8' title='bbox 592 629 757 692; x_wconf 76' lang='lat' dir='ltr'><strong>existimavit.</strong></span> <span class='ocrx_word' id='word_1_9' title='bbox 769 638 982 692; x_wconf 87' lang='lat' dir='ltr'><strong>Omniuoautem</strong></span> <span class='ocrx_word' id='word_1_10' title='bbox 989 641 1136 694; x_wconf 87' lang='lat' dir='ltr'><strong>Puteanum</strong></span> <span class='ocrx_word' id='word_1_11' title='bbox 1146 659 1252 712; x_wconf 84' lang='lat' dir='ltr'><strong>sequor,</strong></span> 
     </span>
     <span class='ocr_line' id='line_1_3' title="bbox 190 717 1252 792; baseline -0.001 -19"><span class='ocrx_word' id='word_1_12' title='bbox 190 719 314 792; x_wconf 82' lang='lat' dir='ltr'><strong>eumdem</strong></span> <span class='ocrx_word' id='word_1_13' title='bbox 328 739 445 785; x_wconf 88' lang='lat' dir='ltr'><strong>sensum,</strong></span> <span class='ocrx_word' id='word_1_14' title='bbox 459 719 516 774; x_wconf 81' lang='lat' dir='ltr'><strong>sinc</strong></span> <span class='ocrx_word' id='word_1_15' title='bbox 535 718 752 790; x_wconf 68' lang='lat' dir='ltr'><strong>transpositione,</strong></span> <span class='ocrx_word' id='word_1_16' title='bbox 773 730 965 787; x_wconf 68' lang='lat' dir='ltr'><strong>agnoscentem.</strong></span> <span class='ocrx_word' id='word_1_17' title='bbox 984 717 1058 784; x_wconf 84' lang='lat' dir='ltr'><strong>Quid</strong></span> <span class='ocrx_word' id='word_1_18' title='bbox 1070 719 1140 772; x_wconf 90' lang='lat' dir='ltr'><strong>enim</strong></span> <span class='ocrx_word' id='word_1_19' title='bbox 1154 719 1252 773; x_wconf 86' lang='lat' dir='ltr'><strong>durum</strong></span> 
     </span>
     <span class='ocr_line' id='line_1_4' title="bbox 192 795 1251 872; baseline -0.001 -19"><span class='ocrx_word' id='word_1_20' title='bbox 192 798 275 854; x_wconf 81' lang='lat' dir='ltr'><strong>illudi</strong></span> <span class='ocrx_word' id='word_1_21' title='bbox 286 799 392 854; x_wconf 66' lang='lat' dir='ltr'><strong>Artem</strong></span> <span class='ocrx_word' id='word_1_22' title='bbox 401 811 470 852; x_wconf 82' lang='lat' dir='ltr'><strong>erunt</strong></span> <span class='ocrx_word' id='word_1_23' title='bbox 479 801 522 852; x_wconf 80' lang='lat' dir='ltr'><strong>luc</strong></span> <span class='ocrx_word' id='word_1_24' title='bbox 530 797 639 858; x_wconf 60' lang='lat' dir='ltr'><strong>mutuo,</strong></span> <span class='ocrx_word' id='word_1_25' title='bbox 654 810 682 850; x_wconf 84' lang='lat' dir='ltr'><strong>ut</strong></span> <span class='ocrx_word' id='word_1_26' title='bbox 691 810 738 867; x_wconf 80' lang='lat' dir='ltr'><strong>teg.</strong></span> <span class='ocrx_word' id='word_1_27' title='bbox 750 795 792 850; x_wconf 75' lang='lat' dir='ltr'><strong>Ad</strong></span> <span class='ocrx_word' id='word_1_28' title='bbox 800 796 950 850; x_wconf 83' lang='lat' dir='ltr'><strong>evitandam</strong></span> <span class='ocrx_word' id='word_1_29' title='bbox 960 799 1143 868; x_wconf 73' lang='lat' dir='ltr'><strong>repetitionem</strong></span> <span class='ocrx_word' id='word_1_30' title='bbox 1151 838 1160 862; x_wconf 91' lang='lat'>‚</span> <span class='ocrx_word' id='word_1_31' title='bbox 1168 816 1251 872; x_wconf 89' lang='lat' dir='ltr'><strong>quum</strong></span> 
     </span>
     <span class='ocr_line' id='line_1_5' title="bbox 191 876 1252 951; baseline 0 -19"><span class='ocrx_word' id='word_1_32' title='bbox 191 880 316 951; x_wconf 73' lang='lat' dir='ltr'><strong>preclare</strong></span> <span class='ocrx_word' id='word_1_33' title='bbox 328 879 416 951; x_wconf 87' lang='lat' dir='ltr'><strong>primo</strong></span> <span class='ocrx_word' id='word_1_34' title='bbox 428 877 535 949; x_wconf 83' lang='lat' dir='ltr'><strong>quidem</strong></span> <span class='ocrx_word' id='word_1_35' title='bbox 547 878 691 950; x_wconf 73' lang='lat' dir='ltr'><strong>generatim</strong></span> <span class='ocrx_word' id='word_1_36' title='bbox 704 895 799 948; x_wconf 68' lang='lat' dir='ltr'><strong>pugne</strong></span> <span class='ocrx_word' id='word_1_37' title='bbox 814 878 893 948; x_wconf 86' lang='lat' dir='ltr'><strong>hujus</strong></span> <span class='ocrx_word' id='word_1_38' title='bbox 902 876 1065 948; x_wconf 85' lang='lat' dir='ltr'><strong>adjumenta,</strong></span> <span class='ocrx_word' id='word_1_39' title='bbox 1080 897 1167 930; x_wconf 74' lang='lat' dir='ltr'><strong>arum</strong></span> <span class='ocrx_word' id='word_1_40' title='bbox 1177 892 1252 932; x_wconf 81' lang='lat' dir='ltr'><strong>artem</strong></span> 
     </span>
     <span class='ocr_line' id='line_1_6' title="bbox 193 954 1252 1028; baseline -0.002 -16"><span class='ocrx_word' id='word_1_41' title='bbox 193 954 270 1021; x_wconf 86' lang='lat' dir='ltr'><strong>(nov.</strong></span> <span class='ocrx_word' id='word_1_42' title='bbox 284 957 423 1014; x_wconf 80' lang='lat' dir='ltr'><strong>consiliunt</strong></span> <span class='ocrx_word' id='word_1_43' title='bbox 438 959 500 1012; x_wconf 87' lang='lat' dir='ltr'><strong>alibi</strong></span> <span class='ocrx_word' id='word_1_44' title='bbox 513 970 602 1020; x_wconf 85' lang='lat' dir='ltr'><strong>vocat,</strong></span> <span class='ocrx_word' id='word_1_45' title='bbox 616 957 746 1028; x_wconf 73' lang='lat' dir='ltr'><strong>singulare</strong></span> <span class='ocrx_word' id='word_1_46' title='bbox 758 957 886 1010; x_wconf 82' lang='lat' dir='ltr'><strong>nimirum</strong></span> <span class='ocrx_word' id='word_1_47' title='bbox 892 970 919 1010; x_wconf 89' lang='lat' dir='ltr'><strong>et</strong></span> <span class='ocrx_word' id='word_1_48' title='bbox 934 975 989 1009; x_wconf 88' lang='lat' dir='ltr'><strong>ere</strong></span> <span class='ocrx_word' id='word_1_49' title='bbox 1004 969 1064 1009; x_wconf 87' lang='lat' dir='ltr'><strong>nata</strong></span> <span class='ocrx_word' id='word_1_50' title='bbox 1077 957 1196 1010; x_wconf 76' lang='lat' dir='ltr'><strong>celeriter</strong></span> <span class='ocrx_word' id='word_1_51' title='bbox 1208 977 1252 1010; x_wconf 88' lang='lat' dir='ltr'><strong>re·</strong></span> 
     </span>
     <span class='ocr_line' id='line_1_7' title="bbox 191 1035 1251 1110; baseline -0.002 -20"><span class='ocrx_word' id='word_1_52' title='bbox 191 1036 313 1110; x_wconf 92' lang='lat' dir='ltr'><strong>pertum)</strong></span> <span class='ocrx_word' id='word_1_53' title='bbox 328 1049 353 1090; x_wconf 83' lang='lat' dir='ltr'><strong>et</strong></span> <span class='ocrx_word' id='word_1_54' title='bbox 363 1042 414 1091; x_wconf 78' lang='lat' dir='ltr'><strong>vias</strong></span> <span class='ocrx_word' id='word_1_55' title='bbox 430 1057 542 1092; x_wconf 79' lang='lat' dir='ltr'><strong>summam</strong></span> <span class='ocrx_word' id='word_1_56' title='bbox 553 1055 582 1090; x_wconf 88' lang='lat' dir='ltr'><strong>ac</strong></span> <span class='ocrx_word' id='word_1_57' title='bbox 592 1035 774 1090; x_wconf 74' lang='lat' dir='ltr'><strong>tortitudinem</strong></span> <span class='ocrx_word' id='word_1_58' title='bbox 787 1037 901 1090; x_wconf 87' lang='lat' dir='ltr'><strong>militum</strong></span> <span class='ocrx_word' id='word_1_59' title='bbox 911 1037 1054 1108; x_wconf 88' lang='lat' dir='ltr'><strong>posuisset,</strong></span> <span class='ocrx_word' id='word_1_60' title='bbox 1067 1035 1164 1090; x_wconf 88' lang='lat' dir='ltr'><strong>deiude</strong></span> <span class='ocrx_word' id='word_1_61' title='bbox 1176 1049 1251 1089; x_wconf 76' lang='lat' dir='ltr'><strong>artem</strong></span> 
     </span>
     <span class='ocr_line' id='line_1_8' title="bbox 192 1112 1253 1180; baseline -0.001 -10"><span class='ocrx_word' id='word_1_62' title='bbox 192 1118 249 1170; x_wconf 83' lang='lat' dir='ltr'><strong>sive</strong></span> <span class='ocrx_word' id='word_1_63' title='bbox 261 1118 401 1172; x_wconf 82' lang='lat' dir='ltr'><strong>consilium</strong></span> <span class='ocrx_word' id='word_1_64' title='bbox 414 1112 527 1179; x_wconf 84' lang='lat' dir='ltr'><strong>(nomen</strong></span> <span class='ocrx_word' id='word_1_65' title='bbox 541 1117 636 1170; x_wconf 85' lang='lat' dir='ltr'><strong>iterare</strong></span> <span class='ocrx_word' id='word_1_66' title='bbox 648 1135 703 1170; x_wconf 90' lang='lat' dir='ltr'><strong>uon</strong></span> <span class='ocrx_word' id='word_1_67' title='bbox 714 1129 882 1170; x_wconf 86' lang='lat' dir='ltr'><strong>eratuecease</strong></span> <span class='ocrx_word' id='word_1_68' title='bbox 892 1113 903 1180; x_wconf 91' lang='lat'>)</span> <span class='ocrx_word' id='word_1_69' title='bbox 913 1117 941 1170; x_wconf 92' lang='lat' dir='ltr'><strong>in</strong></span> <span class='ocrx_word' id='word_1_70' title='bbox 952 1115 1106 1170; x_wconf 82' lang='lat' dir='ltr'><strong>instruenda</strong></span> <span class='ocrx_word' id='word_1_71' title='bbox 1121 1116 1253 1170; x_wconf 87' lang='lat' dir='ltr'><strong>scielooo·</strong></span> 
     </span>
     <span class='ocr_line' id='line_1_9' title="bbox 193 1195 1270 1268; baseline -0.002 -18"><span class='ocrx_word' id='word_1_72' title='bbox 193 1215 246 1268; x_wconf 87' lang='lat' dir='ltr'><strong>que</strong></span> <span class='ocrx_word' id='word_1_73' title='bbox 262 1196 374 1268; x_wconf 73' lang='lat' dir='ltr'><strong>legendo</strong></span> <span class='ocrx_word' id='word_1_74' title='bbox 387 1197 516 1268; x_wconf 85' lang='lat' dir='ltr'><strong>exponit:</strong></span> <span class='ocrx_word' id='word_1_75' title='bbox 536 1195 757 1267; x_wconf 78' lang='lat' dir='ltr'><strong>quemadmodum</strong></span> <span class='ocrx_word' id='word_1_76' title='bbox 772 1199 884 1248; x_wconf 69' lang='lat' dir='ltr'><strong>vitutem</strong></span> <span class='ocrx_word' id='word_1_77' title='bbox 897 1196 1012 1248; x_wconf 84' lang='lat' dir='ltr'><strong>rnilitum</strong></span> <span class='ocrx_word' id='word_1_78' title='bbox 1027 1213 1101 1249; x_wconf 81' lang='lat' dir='ltr'><strong>num.</strong></span> <span class='ocrx_word' id='word_1_79' title='bbox 1120 1197 1145 1248; x_wconf 80' lang='lat'><strong>5.</strong></span> <span class='ocrx_word' id='word_1_80' title='bbox 1160 1195 1270 1249; x_wconf 70' lang='lat' dir='ltr'><strong>itidem</strong></span> 
     </span>
     <span class='ocr_line' id='line_1_10' title="bbox 191 1275 1253 1340; baseline -0.002 -12"><span class='ocrx_word' id='word_1_81' title='bbox 191 1295 312 1329; x_wconf 86' lang='lat' dir='ltr'><strong>seorsum</strong></span> <span class='ocrx_word' id='word_1_82' title='bbox 323 1275 446 1330; x_wconf 84' lang='lat' dir='ltr'><strong>ostendit.</strong></span> <span class='ocrx_word' id='word_1_83' title='bbox 458 1277 564 1329; x_wconf 77' lang='lat' dir='ltr'><strong>Arbores</strong></span> <span class='ocrx_word' id='word_1_84' title='bbox 577 1287 646 1328; x_wconf 82' lang='lat' dir='ltr'><strong>erant</strong></span> <span class='ocrx_word' id='word_1_85' title='bbox 658 1276 702 1328; x_wconf 76' lang='lat' dir='ltr'><strong>laec</strong></span> <span class='ocrx_word' id='word_1_86' title='bbox 713 1277 811 1328; x_wconf 81' lang='lat' dir='ltr'><strong>consilio</strong></span> <span class='ocrx_word' id='word_1_87' title='bbox 822 1296 832 1328; x_wconf 86' lang='lat'><strong>.·</strong></span> <span class='ocrx_word' id='word_1_88' title='bbox 845 1295 899 1328; x_wconf 89' lang='lat' dir='ltr'><strong>uon</strong></span> <span class='ocrx_word' id='word_1_89' title='bbox 912 1293 974 1328; x_wconf 87' lang='lat' dir='ltr'><strong>sane</strong></span> <span class='ocrx_word' id='word_1_90' title='bbox 983 1289 1057 1328; x_wconf 86' lang='lat' dir='ltr'><strong>erant</strong></span> <span class='ocrx_word' id='word_1_91' title='bbox 1065 1276 1116 1328; x_wconf 86' lang='lat' dir='ltr'><strong>hoc</strong></span> <span class='ocrx_word' id='word_1_92' title='bbox 1129 1275 1253 1340; x_wconf 70' lang='lat' dir='ltr'><strong>oonsilioa</strong></span> 
     </span>
     <span class='ocr_line' id='line_1_11' title="bbox 194 1353 1253 1426; baseline 0 -18"><span class='ocrx_word' id='word_1_93' title='bbox 194 1354 240 1408; x_wconf 88' lang='lat' dir='ltr'><strong>scd</strong></span> <span class='ocrx_word' id='word_1_94' title='bbox 254 1355 316 1426; x_wconf 87' lang='lat' dir='ltr'><strong>quia</strong></span> <span class='ocrx_word' id='word_1_95' title='bbox 331 1369 418 1422; x_wconf 89' lang='lat' dir='ltr'><strong>erant,</strong></span> <span class='ocrx_word' id='word_1_96' title='bbox 433 1357 543 1412; x_wconf 88' lang='lat' dir='ltr'><strong>oonsilio</strong></span> <span class='ocrx_word' id='word_1_97' title='bbox 558 1356 648 1410; x_wconf 87' lang='lat' dir='ltr'><strong>solerti</strong></span> <span class='ocrx_word' id='word_1_98' title='bbox 660 1357 724 1409; x_wconf 86' lang='lat' dir='ltr'><strong>aciei</strong></span> <span class='ocrx_word' id='word_1_99' title='bbox 737 1354 1017 1420; x_wconf 74' lang='lat' dir='ltr'><strong>accnanmodabanttrr3</strong></span> <span class='ocrx_word' id='word_1_100' title='bbox 1037 1353 1070 1407; x_wconf 87' lang='lat' dir='ltr'><strong>ad</strong></span> <span class='ocrx_word' id='word_1_101' title='bbox 1089 1373 1119 1408; x_wconf 92' lang='lat' dir='ltr'><strong>ea</strong></span> <span class='ocrx_word' id='word_1_102' title='bbox 1138 1355 1253 1418; x_wconf 85' lang='lat' dir='ltr'><strong>scilicet,</strong></span> 
     </span>
     <span class='ocr_line' id='line_1_12' title="bbox 193 1434 1255 1507; baseline -0.001 -20"><span class='ocrx_word' id='word_1_103' title='bbox 193 1452 253 1506; x_wconf 82' lang='lat' dir='ltr'><strong>quas</strong></span> <span class='ocrx_word' id='word_1_104' title='bbox 265 1434 431 1506; x_wconf 69' lang='lat' dir='ltr'><strong>procedunt,</strong></span> <span class='ocrx_word' id='word_1_105' title='bbox 441 1434 578 1490; x_wconf 80' lang='lat' dir='ltr'><strong>referenda</strong></span> <span class='ocrx_word' id='word_1_106' title='bbox 591 1447 630 1488; x_wconf 87' lang='lat' dir='ltr'><strong>est</strong></span> <span class='ocrx_word' id='word_1_107' title='bbox 641 1435 697 1488; x_wconf 87' lang='lat' dir='ltr'><strong>luec</strong></span> <span class='ocrx_word' id='word_1_108' title='bbox 711 1437 868 1507; x_wconf 63' lang='grc' dir='ltr'><strong>βραχυλογία.</strong></span> <span class='ocrx_word' id='word_1_109' title='bbox 882 1434 962 1501; x_wconf 88' lang='lat' dir='ltr'><strong>Quod</strong></span> <span class='ocrx_word' id='word_1_110' title='bbox 975 1436 1107 1506; x_wconf 84' lang='lat' dir='ltr'><strong>objectum</strong></span> <span class='ocrx_word' id='word_1_111' title='bbox 1121 1448 1175 1499; x_wconf 90' lang='lat' dir='ltr'><strong>est,</strong></span> <span class='ocrx_word' id='word_1_112' title='bbox 1185 1435 1255 1486; x_wconf 81' lang='lat' dir='ltr'><strong>arbo·</strong></span> 
     </span>
     <span class='ocr_line' id='line_1_13' title="bbox 192 1515 1253 1586; baseline -0.002 -20"><span class='ocrx_word' id='word_1_113' title='bbox 192 1533 245 1566; x_wconf 79' lang='lat' dir='ltr'><strong>nuc</strong></span> <span class='ocrx_word' id='word_1_114' title='bbox 259 1519 381 1568; x_wconf 78' lang='lat' dir='ltr'><strong>raritatem</strong></span> <span class='ocrx_word' id='word_1_115' title='bbox 399 1535 447 1568; x_wconf 85' lang='lat' dir='ltr'><strong>nou</strong></span> <span class='ocrx_word' id='word_1_116' title='bbox 466 1515 576 1586; x_wconf 69' lang='lat' dir='ltr'><strong>impedire</strong></span> <span class='ocrx_word' id='word_1_117' title='bbox 597 1519 739 1586; x_wconf 71' lang='lat' dir='ltr'><strong>equitatum,</strong></span> <span class='ocrx_word' id='word_1_118' title='bbox 756 1517 799 1567; x_wconf 79' lang='lat' dir='ltr'><strong>sed</strong></span> <span class='ocrx_word' id='word_1_119' title='bbox 816 1516 962 1566; x_wconf 78' lang='lat' dir='ltr'><strong>crebritatem</strong></span> <span class='ocrx_word' id='word_1_120' title='bbox 978 1515 1044 1567; x_wconf 78' lang='lat' dir='ltr'><strong>silvae</strong></span> <span class='ocrx_word' id='word_1_121' title='bbox 1056 1535 1086 1565; x_wconf 81' lang='lat' dir='ltr'><strong>ac</strong></span> <span class='ocrx_word' id='word_1_122' title='bbox 1100 1515 1253 1574; x_wconf 68' lang='lat' dir='ltr'><strong>denuitatem</strong></span> 
     </span>
     <span class='ocr_line' id='line_1_14' title="bbox 194 1593 1255 1660; baseline -0.002 -14"><span class='ocrx_word' id='word_1_123' title='bbox 194 1613 250 1648; x_wconf 88' lang='lat' dir='ltr'><strong>nou</strong></span> <span class='ocrx_word' id='word_1_124' title='bbox 264 1595 436 1648; x_wconf 80' lang='lat' dir='ltr'><strong>concesserim</strong></span> <span class='ocrx_word' id='word_1_125' title='bbox 451 1595 570 1648; x_wconf 90' lang='lat' dir='ltr'><strong>omnino.</strong></span> <span class='ocrx_word' id='word_1_126' title='bbox 590 1595 656 1660; x_wconf 88' lang='lat' dir='ltr'><strong>Quis</strong></span> <span class='ocrx_word' id='word_1_127' title='bbox 673 1595 743 1648; x_wconf 89' lang='lat' dir='ltr'><strong>enim</strong></span> <span class='ocrx_word' id='word_1_128' title='bbox 756 1613 812 1647; x_wconf 87' lang='lat' dir='ltr'><strong>non</strong></span> <span class='ocrx_word' id='word_1_129' title='bbox 831 1593 935 1658; x_wconf 84' lang='lat' dir='ltr'><strong>videat,</strong></span> <span class='ocrx_word' id='word_1_130' title='bbox 951 1595 1057 1647; x_wconf 85' lang='lat' dir='ltr'><strong>arbores</strong></span> <span class='ocrx_word' id='word_1_131' title='bbox 1070 1595 1131 1646; x_wconf 88' lang='lat' dir='ltr'><strong>licet</strong></span> <span class='ocrx_word' id='word_1_132' title='bbox 1144 1611 1216 1645; x_wconf 84' lang='lat' dir='ltr'><strong>rarss</strong></span> <span class='ocrx_word' id='word_1_133' title='bbox 1228 1605 1255 1646; x_wconf 86' lang='lat' dir='ltr'><strong>et</strong></span> 
     </span>
     <span class='ocr_line' id='line_1_15' title="bbox 194 1671 1256 1745; baseline -0.002 -19"><span class='ocrx_word' id='word_1_134' title='bbox 194 1693 244 1745; x_wconf 88' lang='lat' dir='ltr'><strong>per</strong></span> <span class='ocrx_word' id='word_1_135' title='bbox 253 1674 346 1726; x_wconf 87' lang='lat' dir='ltr'><strong>seriem</strong></span> <span class='ocrx_word' id='word_1_136' title='bbox 361 1673 516 1738; x_wconf 84' lang='lat' dir='ltr'><strong>enatas,sed</strong></span> <span class='ocrx_word' id='word_1_137' title='bbox 529 1674 619 1728; x_wconf 86' lang='lat' dir='ltr'><strong>multis</strong></span> <span class='ocrx_word' id='word_1_138' title='bbox 634 1675 698 1727; x_wconf 84' lang='lat' dir='ltr'><strong>locis</strong></span> <span class='ocrx_word' id='word_1_139' title='bbox 712 1687 812 1739; x_wconf 86' lang='lat' dir='ltr'><strong>tamen,</strong></span> <span class='ocrx_word' id='word_1_140' title='bbox 823 1673 938 1728; x_wconf 77' lang='lat' dir='ltr'><strong>Miltiadi</strong></span> <span class='ocrx_word' id='word_1_141' title='bbox 952 1672 1112 1740; x_wconf 78' lang='lat' dir='ltr'><strong>subsidium,</strong></span> <span class='ocrx_word' id='word_1_142' title='bbox 1122 1671 1193 1726; x_wconf 87' lang='lat' dir='ltr'><strong>hosti</strong></span> <span class='ocrx_word' id='word_1_143' title='bbox 1207 1673 1256 1725; x_wconf 89' lang='lat' dir='ltr'><strong>im·</strong></span> 
     </span>
     <span class='ocr_line' id='line_1_16' title="bbox 193 1751 1254 1826; baseline -0.002 -21"><span class='ocrx_word' id='word_1_144' title='bbox 193 1751 377 1824; x_wconf 88' lang='lat' dir='ltr'><strong>pedimentum</strong></span> <span class='ocrx_word' id='word_1_145' title='bbox 393 1753 520 1816; x_wconf 82' lang='lat' dir='ltr'><strong>attulisse,</strong></span> <span class='ocrx_word' id='word_1_146' title='bbox 541 1757 616 1824; x_wconf 84' lang='lat' dir='ltr'><strong>cujus</strong></span> <span class='ocrx_word' id='word_1_147' title='bbox 638 1755 738 1826; x_wconf 86' lang='lat' dir='ltr'><strong>equites</strong></span> <span class='ocrx_word' id='word_1_148' title='bbox 760 1773 808 1806; x_wconf 89' lang='lat' dir='ltr'><strong>nec</strong></span> <span class='ocrx_word' id='word_1_149' title='bbox 829 1755 946 1826; x_wconf 88' lang='lat' dir='ltr'><strong>ubique,</strong></span> <span class='ocrx_word' id='word_1_150' title='bbox 966 1771 1015 1806; x_wconf 89' lang='lat' dir='ltr'><strong>nec</strong></span> <span class='ocrx_word' id='word_1_151' title='bbox 1031 1753 1116 1805; x_wconf 87' lang='lat' dir='ltr'><strong>libero</strong></span> <span class='ocrx_word' id='word_1_152' title='bbox 1132 1753 1254 1816; x_wconf 87' lang='lat' dir='ltr'><strong>incursu,</strong></span> 
     </span>
     <span class='ocr_line' id='line_1_17' title="bbox 193 1831 1256 1906; baseline -0.002 -22"><span class='ocrx_word' id='word_1_153' title='bbox 193 1833 347 1904; x_wconf 88' lang='lat' dir='ltr'><strong>impetuque</strong></span> <span class='ocrx_word' id='word_1_154' title='bbox 360 1851 517 1891; x_wconf 86' lang='lat' dir='ltr'><strong>acrecursu,</strong></span> <span class='ocrx_word' id='word_1_155' title='bbox 532 1853 581 1886; x_wconf 87' lang='lat' dir='ltr'><strong>nec</strong></span> <span class='ocrx_word' id='word_1_156' title='bbox 591 1846 691 1905; x_wconf 84' lang='lat' dir='ltr'><strong>quanto</strong></span> <span class='ocrx_word' id='word_1_157' title='bbox 702 1833 1095 1906; x_wconf 78' lang='lat' dir='ltr'><strong>cupiebantsgmine,arborum</strong></span> <span class='ocrx_word' id='word_1_158' title='bbox 1104 1831 1256 1884; x_wconf 80' lang='lat' dir='ltr'><strong>interventu</strong></span> 
     </span>
     <span class='ocr_line' id='line_1_18' title="bbox 192 1911 1337 1986; baseline 0.003 -23"><span class='ocrx_word' id='word_1_159' title='bbox 192 1911 307 1983; x_wconf 73' lang='lat' dir='ltr'><strong>preliari</strong></span> <span class='ocrx_word' id='word_1_160' title='bbox 321 1925 451 1984; x_wconf 90' lang='lat' dir='ltr'><strong>poterant.</strong></span> <span class='ocrx_word' id='word_1_161' title='bbox 468 1913 538 1986; x_wconf 78' lang='lat' dir='ltr'><strong>Ergo</strong></span> <span class='ocrx_word' id='word_1_162' title='bbox 551 1915 595 1968; x_wconf 89' lang='lat' dir='ltr'><strong>hic</strong></span> <span class='ocrx_word' id='word_1_163' title='bbox 610 1912 718 1985; x_wconf 89' lang='lat' dir='ltr'><strong>quidem</strong></span> <span class='ocrx_word' id='word_1_164' title='bbox 730 1913 797 1966; x_wconf 88' lang='lat' dir='ltr'><strong>nihil</strong></span> <span class='ocrx_word' id='word_1_165' title='bbox 813 1913 939 1985; x_wconf 89' lang='lat' dir='ltr'><strong>scrupuli.</strong></span> <span class='ocrx_word' id='word_1_166' title='bbox 954 1911 1013 1964; x_wconf 86' lang='lat' dir='ltr'><strong>Sola</strong></span> <span class='ocrx_word' id='word_1_167' title='bbox 1024 1924 1116 1979; x_wconf 86' lang='lat' dir='ltr'><strong>restat,</strong></span> <span class='ocrx_word' id='word_1_168' title='bbox 1131 1930 1191 1984; x_wconf 80' lang='lat' dir='ltr'><strong>quse</strong></span> <span class='ocrx_word' id='word_1_169' title='bbox 1201 1929 1256 1962; x_wconf 88' lang='lat' dir='ltr'><strong>me·</strong></span> <span class='ocrx_word' id='word_1_170' title='bbox 1332 1959 1337 1967; x_wconf 86' lang='grc'><em>,</em></span> 
     </span>
     <span class='ocr_line' id='line_1_19' title="bbox 193 1989 1258 2064; baseline -0.003 -20"><span class='ocrx_word' id='word_1_171' title='bbox 193 2005 329 2057; x_wconf 87' lang='lat' dir='ltr'><strong>moratur,</strong></span> <span class='ocrx_word' id='word_1_172' title='bbox 350 1991 512 2046; x_wconf 81' lang='lat' dir='ltr'><strong>Marathonii</strong></span> <span class='ocrx_word' id='word_1_173' title='bbox 534 1993 620 2064; x_wconf 84' lang='lat' dir='ltr'><strong>campi</strong></span> <span class='ocrx_word' id='word_1_174' title='bbox 639 1993 768 2064; x_wconf 84' lang='lat' dir='ltr'><strong>planities.</strong></span> <span class='ocrx_word' id='word_1_175' title='bbox 789 1991 840 2044; x_wconf 89' lang='lat' dir='ltr'><strong>Sed</strong></span> <span class='ocrx_word' id='word_1_176' title='bbox 858 1991 924 2064; x_wconf 90' lang='lat' dir='ltr'><strong>quid</strong></span> <span class='ocrx_word' id='word_1_177' title='bbox 944 1992 1108 2064; x_wconf 81' lang='lat' dir='ltr'><strong>implicamus</strong></span> <span class='ocrx_word' id='word_1_178' title='bbox 1125 2003 1181 2044; x_wconf 88' lang='lat' dir='ltr'><strong>re&#39;m</strong></span> <span class='ocrx_word' id='word_1_179' title='bbox 1197 1989 1258 2042; x_wconf 87' lang='lat' dir='ltr'><strong>satis</strong></span> 
     </span>
     <span class='ocr_line' id='line_1_20' title="bbox 195 2069 1257 2144; baseline -0.002 -21"><span class='ocrx_word' id='word_1_180' title='bbox 195 2069 363 2142; x_wconf 82' lang='lat' dir='ltr'><strong>expeditam?</strong></span> <span class='ocrx_word' id='word_1_181' title='bbox 376 2075 416 2124; x_wconf 81' lang='lat' dir='ltr'><strong>An</strong></span> <span class='ocrx_word' id='word_1_182' title='bbox 427 2087 547 2144; x_wconf 84' lang='lat' dir='ltr'><strong>puguant</strong></span> <span class='ocrx_word' id='word_1_183' title='bbox 557 2073 605 2124; x_wconf 86' lang='lat' dir='ltr'><strong>ista</strong></span> <span class='ocrx_word' id='word_1_184' title='bbox 618 2091 624 2124; x_wconf 96' lang='lat'><strong>:</strong></span> <span class='ocrx_word' id='word_1_185' title='bbox 641 2091 747 2142; x_wconf 85' lang='lat' dir='ltr'><strong>campus</strong></span> <span class='ocrx_word' id='word_1_186' title='bbox 760 2074 814 2143; x_wconf 89' lang='lat' dir='ltr'><strong>ipse&#39;</strong></span> <span class='ocrx_word' id='word_1_187' title='bbox 824 2071 917 2142; x_wconf 86' lang='lat' dir='ltr'><strong>planus</strong></span> <span class='ocrx_word' id='word_1_188' title='bbox 926 2085 982 2124; x_wconf 87' lang='lat' dir='ltr'><strong>erat</strong></span> <span class='ocrx_word' id='word_1_189' title='bbox 994 2083 1020 2124; x_wconf 88' lang='lat' dir='ltr'><strong>et</strong></span> <span class='ocrx_word' id='word_1_190' title='bbox 1031 2071 1158 2144; x_wconf 87' lang='lat' dir='ltr'><strong>equitatui</strong></span> <span class='ocrx_word' id='word_1_191' title='bbox 1168 2082 1257 2142; x_wconf 86' lang='lat' dir='ltr'><strong>aptus;</strong></span> 
     </span>
     <span class='ocr_line' id='line_1_21' title="bbox 197 2149 1259 2215; baseline -0.004 -11"><span class='ocrx_word' id='word_1_192' title='bbox 197 2163 224 2204; x_wconf 84' lang='lat' dir='ltr'><strong>et</strong></span> <span class='ocrx_word' id='word_1_193' title='bbox 238 2153 287 2204; x_wconf 86' lang='lat' dir='ltr'><strong>suls</strong></span> <span class='ocrx_word' id='word_1_194' title='bbox 299 2149 433 2204; x_wconf 75' lang='lat' dir='ltr'><strong>radicibus</strong></span> <span class='ocrx_word' id='word_1_195' title='bbox 448 2151 546 2204; x_wconf 89' lang='lat' dir='ltr'><strong>montis</strong></span> <span class='ocrx_word' id='word_1_196' title='bbox 562 2149 655 2215; x_wconf 90' lang='lat' dir='ltr'><strong>adsiti,</strong></span> <span class='ocrx_word' id='word_1_197' title='bbox 671 2151 776 2202; x_wconf 85' lang='lat' dir='ltr'><strong>arbores</strong></span> <span class='ocrx_word' id='word_1_198' title='bbox 791 2151 880 2202; x_wconf 90' lang='lat' dir='ltr'><strong>multis</strong></span> <span class='ocrx_word' id='word_1_199' title='bbox 899 2151 963 2202; x_wconf 89' lang='lat' dir='ltr'><strong>locis</strong></span> <span class='ocrx_word' id='word_1_200' title='bbox 978 2152 1081 2203; x_wconf 87' lang='lat' dir='ltr'><strong>tractim</strong></span> <span class='ocrx_word' id='word_1_201' title='bbox 1098 2162 1180 2202; x_wconf 74' lang='lat' dir='ltr'><strong>errato</strong></span> <span class='ocrx_word' id='word_1_202' title='bbox 1192 2149 1259 2201; x_wconf 89' lang='lat' dir='ltr'><strong>vise·</strong></span> 
     </span>
     <span class='ocr_line' id='line_1_22' title="bbox 197 2225 1261 2301; baseline -0.005 -18"><span class='ocrx_word' id='word_1_203' title='bbox 197 2232 304 2283; x_wconf 84' lang='lat' dir='ltr'><strong>bantur.</strong></span> <span class='ocrx_word' id='word_1_204' title='bbox 323 2229 466 2283; x_wconf 75' lang='lat' dir='ltr'><strong>Gellrardus</strong></span> <span class='ocrx_word' id='word_1_205' title='bbox 478 2243 565 2282; x_wconf 90' lang='lat' dir='ltr'><strong>tamen</strong></span> <span class='ocrx_word' id='word_1_206' title='bbox 575 2231 604 2280; x_wconf 79' lang='lat' dir='ltr'><strong>de</strong></span> <span class='ocrx_word' id='word_1_207' title='bbox 619 2229 742 2280; x_wconf 78' lang='lat' dir='ltr'><strong>arboribus</strong></span> <span class='ocrx_word' id='word_1_208' title='bbox 749 2233 875 2299; x_wconf 82' lang='lat' dir='ltr'><strong>prostrutr&#39;s</strong></span> <span class='ocrx_word' id='word_1_209' title='bbox 883 2227 1005 2298; x_wconf 83' lang='lat' dir='ltr'><strong>conjicit,</strong></span> <span class='ocrx_word' id='word_1_210' title='bbox 1019 2227 1051 2280; x_wconf 82' lang='lat' dir='ltr'><strong>ud</strong></span> <span class='ocrx_word' id='word_1_211' title='bbox 1062 2225 1261 2301; x_wconf 87' lang='lat' dir='ltr'><strong>impediendum</strong></span> 
     </span>
     <span class='ocr_line' id='line_1_23' title="bbox 200 2305 1262 2380; baseline 0 -22"><span class='ocrx_word' id='word_1_212' title='bbox 200 2307 346 2378; x_wconf 87' lang='lat' dir='ltr'><strong>equitatum</strong></span> <span class='ocrx_word' id='word_1_213' title='bbox 361 2308 477 2361; x_wconf 90' lang='lat' dir='ltr'><strong>hostium</strong></span> <span class='ocrx_word' id='word_1_214' title='bbox 496 2305 538 2369; x_wconf 84' lang='lat' dir='ltr'><strong>(ut</strong></span> <span class='ocrx_word' id='word_1_215' title='bbox 553 2329 591 2380; x_wconf 84' lang='lat' dir='ltr'><strong>cp.</strong></span> <span class='ocrx_word' id='word_1_216' title='bbox 611 2309 722 2361; x_wconf 84' lang='lat' dir='ltr'><strong>Frontin.</strong></span> <span class='ocrx_word' id='word_1_217' title='bbox 741 2327 775 2372; x_wconf 84' lang='lat' dir='ltr'><strong>a,</strong></span> <span class='ocrx_word' id='word_1_218' title='bbox 793 2305 852 2376; x_wconf 86' lang='lat'><strong>9.);</strong></span> <span class='ocrx_word' id='word_1_219' title='bbox 873 2306 955 2378; x_wconf 76' lang='lat' dir='ltr'><strong>igitur</strong></span> <span class='ocrx_word' id='word_1_220' title='bbox 970 2326 1019 2378; x_wconf 91' lang='lat' dir='ltr'><strong>pro</strong></span> <span class='ocrx_word' id='word_1_221' title='bbox 1037 2327 1100 2358; x_wconf 81' lang='lat' dir='ltr'><strong>raroe</strong></span> <span class='ocrx_word' id='word_1_222' title='bbox 1121 2305 1262 2378; x_wconf 81' lang='lat' dir='ltr'><strong>legendum</strong></span> 
     </span>
     <span class='ocr_line' id='line_1_24' title="bbox 200 2383 1263 2459; baseline -0.001 -20"><span class='ocrx_word' id='word_1_223' title='bbox 200 2397 280 2451; x_wconf 84' lang='lat' dir='ltr'><strong>esset,</strong></span> <span class='ocrx_word' id='word_1_224' title='bbox 293 2399 387 2449; x_wconf 72' lang='lat' dir='ltr'><strong>ruatae,</strong></span> <span class='ocrx_word' id='word_1_225' title='bbox 406 2387 510 2459; x_wconf 90' lang='lat' dir='ltr'><strong>quodsi</strong></span> <span class='ocrx_word' id='word_1_226' title='bbox 526 2389 554 2439; x_wconf 92' lang='lat' dir='ltr'><strong>in</strong></span> <span class='ocrx_word' id='word_1_227' title='bbox 569 2385 659 2441; x_wconf 88' lang='lat' dir='ltr'><strong>codice</strong></span> <span class='ocrx_word' id='word_1_228' title='bbox 671 2387 726 2439; x_wconf 93' lang='lat' dir='ltr'><strong>ullo</strong></span> <span class='ocrx_word' id='word_1_229' title='bbox 741 2387 919 2458; x_wconf 83' lang='lat' dir='ltr'><strong>reperiretur,</strong></span> <span class='ocrx_word' id='word_1_230' title='bbox 930 2388 984 2457; x_wconf 86' lang='lat' dir='ltr'><strong>jam</strong></span> <span class='ocrx_word' id='word_1_231' title='bbox 997 2383 1080 2438; x_wconf 88' lang='lat' dir='ltr'><strong>dubio</strong></span> <span class='ocrx_word' id='word_1_232' title='bbox 1096 2405 1137 2438; x_wconf 87' lang='lat' dir='ltr'><strong>res</strong></span> <span class='ocrx_word' id='word_1_233' title='bbox 1150 2399 1263 2448; x_wconf 84' lang='lat' dir='ltr'><strong>careret,</strong></span> 
     </span>
     <span class='ocr_line' id='line_1_25' title="bbox 199 2465 1264 2539; baseline -0.001 -20"><span class='ocrx_word' id='word_1_234' title='bbox 199 2467 352 2538; x_wconf 87' lang='lat' dir='ltr'><strong>optimeque</strong></span> <span class='ocrx_word' id='word_1_235' title='bbox 372 2465 475 2520; x_wconf 90' lang='lat' dir='ltr'><strong>consilii</strong></span> <span class='ocrx_word' id='word_1_236' title='bbox 501 2467 568 2519; x_wconf 84' lang='lat' dir='ltr'><strong>ratio</strong></span> <span class='ocrx_word' id='word_1_237' title='bbox 588 2467 777 2539; x_wconf 82' lang='lat' dir='ltr'><strong>explicaretur,</strong></span> <span class='ocrx_word' id='word_1_238' title='bbox 791 2467 918 2518; x_wconf 90' lang='lat' dir='ltr'><strong>nimirum</strong></span> <span class='ocrx_word' id='word_1_239' title='bbox 934 2479 964 2518; x_wconf 93' lang='lat' dir='ltr'><strong>ut</strong></span> <span class='ocrx_word' id='word_1_240' title='bbox 984 2485 998 2517; x_wconf 91' lang='lat' dir='ltr'><strong>a</strong></span> <span class='ocrx_word' id='word_1_241' title='bbox 1017 2478 1090 2538; x_wconf 83' lang='lat' dir='ltr'><strong>tergo</strong></span> <span class='ocrx_word' id='word_1_242' title='bbox 1116 2465 1264 2528; x_wconf 88' lang='lat' dir='ltr'><strong>montibus,</strong></span> 
     </span>
     <span class='ocr_line' id='line_1_26' title="bbox 198 2543 1266 2618; baseline -0.003 -19"><span class='ocrx_word' id='word_1_243' title='bbox 198 2547 280 2600; x_wconf 87' lang='lat' dir='ltr'><strong>latere</strong></span> <span class='ocrx_word' id='word_1_244' title='bbox 299 2545 466 2600; x_wconf 82' lang='lat' dir='ltr'><strong>coucaedibns</strong></span> <span class='ocrx_word' id='word_1_245' title='bbox 482 2547 598 2600; x_wconf 88' lang='lat' dir='ltr'><strong>munitos</strong></span> <span class='ocrx_word' id='word_1_246' title='bbox 613 2545 784 2600; x_wconf 82' lang='lat' dir='ltr'><strong>Athenienses</strong></span> <span class='ocrx_word' id='word_1_247' title='bbox 799 2545 1011 2618; x_wconf 84' lang='lat' dir='ltr'><strong>intelligeremus.</strong></span> <span class='ocrx_word' id='word_1_248' title='bbox 1027 2545 1104 2598; x_wconf 86' lang='lat' dir='ltr'><strong>Boecl.</strong></span> <span class='ocrx_word' id='word_1_249' title='bbox 1128 2546 1214 2615; x_wconf 76' lang='lat' dir='ltr'><strong>Atque</strong></span> <span class='ocrx_word' id='word_1_250' title='bbox 1229 2543 1266 2596; x_wconf 88' lang='lat' dir='ltr'><strong>sic</strong></span> 
     </span>
     <span class='ocr_line' id='line_1_27' title="bbox 201 2622 1265 2680; baseline -0.003 -1"><span class='ocrx_word' id='word_1_251' title='bbox 201 2627 281 2680; x_wconf 88' lang='lat' dir='ltr'><strong>etiam</strong></span> <span class='ocrx_word' id='word_1_252' title='bbox 294 2625 433 2679; x_wconf 81' lang='lat' dir='ltr'><strong>Buelaerus</strong></span> <span class='ocrx_word' id='word_1_253' title='bbox 447 2625 644 2680; x_wconf 84' lang='lat' dir='ltr'><strong>rescribendum</strong></span> <span class='ocrx_word' id='word_1_254' title='bbox 664 2627 793 2679; x_wconf 86' lang='lat' dir='ltr'><strong>censebat.</strong></span> <span class='ocrx_word' id='word_1_255' title='bbox 819 2625 887 2678; x_wconf 88' lang='lat' dir='ltr'><strong>Nam</strong></span> <span class='ocrx_word' id='word_1_256' title='bbox 901 2625 929 2678; x_wconf 90' lang='lat' dir='ltr'><strong>in</strong></span> <span class='ocrx_word' id='word_1_257' title='bbox 943 2623 1140 2679; x_wconf 82' lang='lat' dir='ltr'><strong>Commentario</strong></span> <span class='ocrx_word' id='word_1_258' title='bbox 1154 2622 1186 2676; x_wconf 85' lang='lat' dir='ltr'><strong>ad</strong></span> <span class='ocrx_word' id='word_1_259' title='bbox 1203 2623 1231 2676; x_wconf 90' lang='lat' dir='ltr'><strong>h.</strong></span> <span class='ocrx_word' id='word_1_260' title='bbox 1246 2623 1265 2676; x_wconf 94' lang='lat' dir='ltr'><strong>l.</strong></span> 
     </span>
     <span class='ocr_line' id='line_1_28' title="bbox 203 2702 1266 2779; baseline -0.004 -21"><span class='ocrx_word' id='word_1_261' title='bbox 203 2706 281 2771; x_wconf 83' lang='lat' dir='ltr'><strong>lltec,</strong></span> <span class='ocrx_word' id='word_1_262' title='bbox 297 2711 387 2779; x_wconf 81' lang='lat' dir='ltr'><strong>iuquit,</strong></span> <span class='ocrx_word' id='word_1_263' title='bbox 406 2705 590 2760; x_wconf 87' lang='lat' dir='ltr'><strong>absurdissima</strong></span> <span class='ocrx_word' id='word_1_264' title='bbox 603 2705 682 2760; x_wconf 87' lang='lat' dir='ltr'><strong>lectio</strong></span> <span class='ocrx_word' id='word_1_265' title='bbox 697 2719 743 2760; x_wconf 88' lang='lat' dir='ltr'><strong>est.</strong></span> <span class='ocrx_word' id='word_1_266' title='bbox 767 2704 920 2779; x_wconf 84' lang='lat' dir='ltr'><strong>Legendum</strong></span> <span class='ocrx_word' id='word_1_267' title='bbox 933 2705 974 2759; x_wconf 86' lang='lat' dir='ltr'><strong>vel</strong></span> <span class='ocrx_word' id='word_1_268' title='bbox 987 2715 1070 2755; x_wconf 72' lang='lat' dir='ltr'><strong>strutar¹</strong></span> <span class='ocrx_word' id='word_1_269' title='bbox 1083 2704 1124 2757; x_wconf 83' lang='lat' dir='ltr'><strong>vel</strong></span> <span class='ocrx_word' id='word_1_270' title='bbox 1141 2715 1209 2756; x_wconf 78' lang='lat' dir='ltr'><strong>salte.</strong></span> <span class='ocrx_word' id='word_1_271' title='bbox 1226 2702 1266 2755; x_wconf 91' lang='lat' dir='ltr'><strong>Si·</strong></span> 
     </span>
     <span class='ocr_line' id='line_1_29' title="bbox 201 2781 1266 2860; baseline -0.006 -22"><span class='ocrx_word' id='word_1_272' title='bbox 201 2785 309 2860; x_wconf 72' lang='lat' dir='ltr'><strong>qnificat</strong></span> <span class='ocrx_word' id='word_1_273' title='bbox 320 2803 346 2840; x_wconf 90' lang='lat' dir='ltr'><strong>n.</strong></span> <span class='ocrx_word' id='word_1_274' title='bbox 362 2799 406 2840; x_wconf 87' lang='lat' dir='ltr'><strong>aut</strong></span> <span class='ocrx_word' id='word_1_275' title='bbox 418 2785 543 2859; x_wconf 84' lang='lat' dir='ltr'><strong>depactus</strong></span> <span class='ocrx_word' id='word_1_276' title='bbox 560 2787 656 2858; x_wconf 87' lang='lat' dir='ltr'><strong>passim</strong></span> <span class='ocrx_word' id='word_1_277' title='bbox 670 2797 776 2840; x_wconf 88' lang='lat' dir='ltr'><strong>truncos</strong></span> <span class='ocrx_word' id='word_1_278' title='bbox 785 2784 922 2850; x_wconf 87' lang='lat' dir='ltr'><strong>arborum,</strong></span> <span class='ocrx_word' id='word_1_279' title='bbox 937 2797 981 2836; x_wconf 88' lang='lat' dir='ltr'><strong>ant</strong></span> <span class='ocrx_word' id='word_1_280' title='bbox 991 2795 1085 2837; x_wconf 87' lang='lat' dir='ltr'><strong>stratos</strong></span> <span class='ocrx_word' id='word_1_281' title='bbox 1100 2783 1192 2846; x_wconf 84' lang='lat' dir='ltr'><strong>luisse,</strong></span> <span class='ocrx_word' id='word_1_282' title='bbox 1206 2781 1266 2854; x_wconf 91' lang='lat' dir='ltr'><strong>qui·</strong></span> 
     </span>
     <span class='ocr_line' id='line_1_30' title="bbox 201 2860 1267 2940; baseline -0.006 -21"><span class='ocrx_word' id='word_1_283' title='bbox 201 2867 252 2919; x_wconf 80' lang='lat' dir='ltr'><strong>hus</strong></span> <span class='ocrx_word' id='word_1_284' title='bbox 266 2868 508 2940; x_wconf 86' lang='lat' dir='ltr'><strong>accessusequitum</strong></span> <span class='ocrx_word' id='word_1_285' title='bbox 520 2865 702 2940; x_wconf 84' lang='lat' dir='ltr'><strong>impediretur.</strong></span> <span class='ocrx_word' id='word_1_286' title='bbox 715 2865 804 2938; x_wconf 83' lang='lat' dir='ltr'><strong>Longe</strong></span> <span class='ocrx_word' id='word_1_287' title='bbox 815 2865 953 2918; x_wconf 84' lang='lat' dir='ltr'><strong>inferiores</strong></span> <span class='ocrx_word' id='word_1_288' title='bbox 961 2882 1073 2916; x_wconf 89' lang='lat' dir='ltr'><strong>numero</strong></span> <span class='ocrx_word' id='word_1_289' title='bbox 1084 2875 1158 2916; x_wconf 88' lang='lat' dir='ltr'><strong>erant</strong></span> <span class='ocrx_word' id='word_1_290' title='bbox 1167 2860 1267 2925; x_wconf 80' lang='lat' dir='ltr'><strong>Graeci;</strong></span> 
     </span>
     <span class='ocr_line' id='line_1_31' title="bbox 200 2941 1266 3017; baseline -0.006 -19"><span class='ocrx_word' id='word_1_291' title='bbox 200 2945 304 3017; x_wconf 85' lang='lat' dir='ltr'><strong>itaque,</strong></span> <span class='ocrx_word' id='word_1_292' title='bbox 318 2965 352 3000; x_wconf 91' lang='lat' dir='ltr'><strong>ne</strong></span> <span class='ocrx_word' id='word_1_293' title='bbox 365 2948 538 3000; x_wconf 87' lang='lat' dir='ltr'><strong>barbarorum</strong></span> <span class='ocrx_word' id='word_1_294' title='bbox 552 2945 722 3000; x_wconf 89' lang='lat' dir='ltr'><strong>multitudine</strong></span> <span class='ocrx_word' id='word_1_295' title='bbox 736 2943 935 3002; x_wconf 82' lang='lat' dir='ltr'><strong>clauderentur.</strong></span> <span class='ocrx_word' id='word_1_296' title='bbox 952 2942 1049 3015; x_wconf 87' lang='lat' dir='ltr'><strong>partim</strong></span> <span class='ocrx_word' id='word_1_297' title='bbox 1062 2961 1076 2995; x_wconf 85' lang='lat' dir='ltr'><strong>a</strong></span> <span class='ocrx_word' id='word_1_298' title='bbox 1092 2943 1144 2995; x_wconf 92' lang='lat' dir='ltr'><strong>loci</strong></span> <span class='ocrx_word' id='word_1_299' title='bbox 1160 2941 1266 3014; x_wconf 76' lang='lat' dir='ltr'><strong>ingenio</strong></span> 
     </span>
     <span class='ocr_line' id='line_1_32' title="bbox 200 3020 1267 3099; baseline -0.004 -21"><span class='ocrx_word' id='word_1_300' title='bbox 200 3027 326 3098; x_wconf 87' lang='lat' dir='ltr'><strong>petebant</strong></span> <span class='ocrx_word' id='word_1_301' title='bbox 338 3025 506 3099; x_wconf 76' lang='lat' dir='ltr'><strong>presidium,</strong></span> <span class='ocrx_word' id='word_1_302' title='bbox 523 3027 620 3099; x_wconf 88' lang='lat' dir='ltr'><strong>partim</strong></span> <span class='ocrx_word' id='word_1_303' title='bbox 633 3037 688 3080; x_wconf 88' lang='lat' dir='ltr'><strong>arte</strong></span> <span class='ocrx_word' id='word_1_304' title='bbox 703 3039 781 3098; x_wconf 83' lang='lat' dir='ltr'><strong>atque</strong></span> <span class='ocrx_word' id='word_1_305' title='bbox 796 3023 900 3078; x_wconf 83' lang='lat' dir='ltr'><strong>solertia</strong></span> <span class='ocrx_word' id='word_1_306' title='bbox 916 3023 1073 3078; x_wconf 85' lang='lat' dir='ltr'><strong>efficiebant.</strong></span> <span class='ocrx_word' id='word_1_307' title='bbox 1090 3021 1175 3074; x_wconf 86' lang='lat' dir='ltr'><strong>Locus</strong></span> <span class='ocrx_word' id='word_1_308' title='bbox 1188 3020 1267 3074; x_wconf 85' lang='lat' dir='ltr'><strong>facie·</strong></span> 
     </span>
     <span class='ocr_line' id='line_1_33' title="bbox 201 3101 1267 3180; baseline -0.004 -22"><span class='ocrx_word' id='word_1_309' title='bbox 201 3105 264 3172; x_wconf 82' lang='lat' dir='ltr'><strong>hat,</strong></span> <span class='ocrx_word' id='word_1_310' title='bbox 277 3125 311 3159; x_wconf 91' lang='lat' dir='ltr'><strong>ue</strong></span> <span class='ocrx_word' id='word_1_311' title='bbox 320 3125 351 3160; x_wconf 88' lang='lat' dir='ltr'><strong>ex</strong></span> <span class='ocrx_word' id='word_1_312' title='bbox 360 3108 440 3160; x_wconf 83' lang='lat' dir='ltr'><strong>altera</strong></span> <span class='ocrx_word' id='word_1_313' title='bbox 450 3120 537 3180; x_wconf 88' lang='lat' dir='ltr'><strong>parte,</strong></span> <span class='ocrx_word' id='word_1_314' title='bbox 548 3125 599 3179; x_wconf 83' lang='lat' dir='ltr'><strong>qua</strong></span> <span class='ocrx_word' id='word_1_315' title='bbox 614 3119 716 3160; x_wconf 88' lang='lat' dir='ltr'><strong>montes</strong></span> <span class='ocrx_word' id='word_1_316' title='bbox 729 3107 884 3177; x_wconf 82' lang='lat' dir='ltr'><strong>surgebant,</strong></span> <span class='ocrx_word' id='word_1_317' title='bbox 895 3101 985 3156; x_wconf 86' lang='lat' dir='ltr'><strong>invadi</strong></span> <span class='ocrx_word' id='word_1_318' title='bbox 998 3115 1118 3174; x_wconf 86' lang='lat' dir='ltr'><strong>possent;</strong></span> <span class='ocrx_word' id='word_1_319' title='bbox 1133 3121 1173 3154; x_wconf 86' lang='lat' dir='ltr'><strong>ars</strong></span> <span class='ocrx_word' id='word_1_320' title='bbox 1189 3119 1267 3166; x_wconf 86' lang='lat' dir='ltr'><strong>vero,</strong></span> 
     </span>
     <span class='ocr_line' id='line_1_34' title="bbox 203 3181 1265 3258; baseline -0.004 -22"><span class='ocrx_word' id='word_1_321' title='bbox 203 3201 253 3251; x_wconf 91' lang='lat' dir='ltr'><strong>ne,</strong></span> <span class='ocrx_word' id='word_1_322' title='bbox 268 3203 319 3256; x_wconf 92' lang='lat' dir='ltr'><strong>qua</strong></span> <span class='ocrx_word' id='word_1_323' title='bbox 333 3188 437 3257; x_wconf 88' lang='lat' dir='ltr'><strong>patebat</strong></span> <span class='ocrx_word' id='word_1_324' title='bbox 451 3205 571 3258; x_wconf 84' lang='lat' dir='ltr'><strong>campus,</strong></span> <span class='ocrx_word' id='word_1_325' title='bbox 585 3188 720 3240; x_wconf 83' lang='lat' dir='ltr'><strong>incurrere</strong></span> <span class='ocrx_word' id='word_1_326' title='bbox 735 3186 864 3257; x_wconf 84' lang='lat' dir='ltr'><strong>equitatus</strong></span> <span class='ocrx_word' id='word_1_327' title='bbox 875 3196 977 3255; x_wconf 87' lang='lat' dir='ltr'><strong>posset,</strong></span> <span class='ocrx_word' id='word_1_328' title='bbox 987 3181 1079 3255; x_wconf 88' lang='lat' dir='ltr'><strong>positis</strong></span> <span class='ocrx_word' id='word_1_329' title='bbox 1088 3196 1178 3236; x_wconf 84' lang='lat' dir='ltr'><strong>contra</strong></span> <span class='ocrx_word' id='word_1_330' title='bbox 1190 3194 1265 3251; x_wconf 74' lang='lat' dir='ltr'><strong>trun7</strong></span> 
     </span>
     <span class='ocr_line' id='line_1_35' title="bbox 203 3259 1265 3336; baseline 0 -23"><span class='ocrx_word' id='word_1_331' title='bbox 203 3263 241 3314; x_wconf 87' lang='lat' dir='ltr'><strong>cis</strong></span> <span class='ocrx_word' id='word_1_332' title='bbox 256 3265 394 3330; x_wconf 82' lang='lat' dir='ltr'><strong>orborum,</strong></span> <span class='ocrx_word' id='word_1_333' title='bbox 410 3267 454 3336; x_wconf 90' lang='lat' dir='ltr'><strong>qui</strong></span> <span class='ocrx_word' id='word_1_334' title='bbox 470 3265 628 3335; x_wconf 87' lang='lat' dir='ltr'><strong>impedirent</strong></span> <span class='ocrx_word' id='word_1_335' title='bbox 644 3265 802 3319; x_wconf 84' lang='lat' dir='ltr'><strong>accedentes.</strong></span> <span class='ocrx_word' id='word_1_336' title='bbox 825 3264 942 3317; x_wconf 87' lang='lat' dir='ltr'><strong>Pertinet</strong></span> <span class='ocrx_word' id='word_1_337' title='bbox 957 3263 1008 3315; x_wconf 87' lang='lat' dir='ltr'><strong>hoc</strong></span> <span class='ocrx_word' id='word_1_338' title='bbox 1023 3260 1056 3315; x_wconf 84' lang='lat' dir='ltr'><strong>ad</strong></span> <span class='ocrx_word' id='word_1_339' title='bbox 1068 3264 1206 3334; x_wconf 81' lang='lat' dir='ltr'><strong>septimam</strong></span> <span class='ocrx_word' id='word_1_340' title='bbox 1219 3259 1265 3312; x_wconf 87' lang='lat' dir='ltr'><strong>dc·</strong></span> 
     </span>
     <span class='ocr_line' id='line_1_36' title="bbox 204 3341 1262 3416; baseline 0.003 -22"><span class='ocrx_word' id='word_1_341' title='bbox 204 3341 339 3413; x_wconf 73' lang='lat' dir='ltr'><strong>pugnandi</strong></span> <span class='ocrx_word' id='word_1_342' title='bbox 357 3345 487 3398; x_wconf 81' lang='lat' dir='ltr'><strong>rationem</strong></span> <span class='ocrx_word' id='word_1_343' title='bbox 499 3345 616 3416; x_wconf 68' lang='lat' dir='ltr'><strong>vegetii,</strong></span> <span class='ocrx_word' id='word_1_344' title='bbox 631 3345 666 3398; x_wconf 87' lang='lat' dir='ltr'><strong>de</strong></span> <span class='ocrx_word' id='word_1_345' title='bbox 678 3364 743 3416; x_wconf 90' lang='lat' dir='ltr'><strong>qna,</strong></span> <span class='ocrx_word' id='word_1_346' title='bbox 756 3357 793 3397; x_wconf 86' lang='lat' dir='ltr'><strong>ut</strong></span> <span class='ocrx_word' id='word_1_347' title='bbox 807 3344 907 3396; x_wconf 70' lang='lat' dir='ltr'><strong>certeris</strong></span> <span class='ocrx_word' id='word_1_348' title='bbox 919 3342 1014 3404; x_wconf 84' lang='lat' dir='ltr'><strong>etiam,</strong></span> <span class='ocrx_word' id='word_1_349' title='bbox 1027 3343 1073 3396; x_wconf 87' lang='lat' dir='ltr'><strong>lib.</strong></span> <span class='ocrx_word' id='word_1_350' title='bbox 1083 3360 1137 3410; x_wconf 80' lang='grc' dir='ltr'><strong>ιη,</strong></span> <span class='ocrx_word' id='word_1_351' title='bbox 1148 3359 1206 3413; x_wconf 85' lang='lat' dir='ltr'><strong>cap.</strong></span> <span class='ocrx_word' id='word_1_352' title='bbox 1219 3359 1262 3397; x_wconf 69' lang='lat' dir='ltr'><strong>so,</strong></span> 
     </span>
     <span class='ocr_line' id='line_1_37' title="bbox 204 3421 1341 3495; baseline -0.003 -21"><span class='ocrx_word' id='word_1_353' title='bbox 204 3422 322 3492; x_wconf 79' lang='lat' dir='ltr'><strong>exponit.</strong></span> <span class='ocrx_word' id='word_1_354' title='bbox 335 3422 397 3476; x_wconf 76' lang='lat' dir='ltr'><strong>uec</strong></span> <span class='ocrx_word' id='word_1_355' title='bbox 409 3425 556 3478; x_wconf 70' lang='lat' dir='ltr'><strong>Breuem.</strong></span> <span class='ocrx_word' id='word_1_356' title='bbox 572 3425 657 3488; x_wconf 81' lang='lat' dir='ltr'><strong>Mihi,</strong></span> <span class='ocrx_word' id='word_1_357' title='bbox 669 3436 700 3478; x_wconf 92' lang='lat' dir='ltr'><strong>ut</strong></span> <span class='ocrx_word' id='word_1_358' title='bbox 714 3425 828 3495; x_wconf 75' lang='lat' dir='ltr'><strong>ingenue</strong></span> <span class='ocrx_word' id='word_1_359' title='bbox 841 3425 935 3488; x_wconf 79' lang='lat' dir='ltr'><strong>fatear,</strong></span> <span class='ocrx_word' id='word_1_360' title='bbox 949 3421 1070 3476; x_wconf 88' lang='lat' dir='ltr'><strong>nondum</strong></span> <span class='ocrx_word' id='word_1_361' title='bbox 1081 3423 1172 3493; x_wconf 90' lang='lat' dir='ltr'><strong>liquet.</strong></span> <span class='ocrx_word' id='word_1_362' title='bbox 1188 3421 1265 3473; x_wconf 80' lang='lat' dir='ltr'><strong>Cute·</strong></span> <span class='ocrx_word' id='word_1_363' title='bbox 1339 3447 1341 3450; x_wconf 96' lang='lat'>·</span> 
     </span>
     <span class='ocr_line' id='line_1_38' title="bbox 204 3500 1264 3574; baseline -0.003 -20"><span class='ocrx_word' id='word_1_364' title='bbox 204 3519 265 3554; x_wconf 86' lang='lat' dir='ltr'><strong>rum</strong></span> <span class='ocrx_word' id='word_1_365' title='bbox 278 3513 379 3566; x_wconf 87' lang='lat' dir='ltr'><strong>artem,</strong></span> <span class='ocrx_word' id='word_1_366' title='bbox 396 3522 448 3574; x_wconf 88' lang='lat' dir='ltr'><strong>qua</strong></span> <span class='ocrx_word' id='word_1_367' title='bbox 464 3502 597 3556; x_wconf 81' lang='lat' dir='ltr'><strong>Miltiades</strong></span> <span class='ocrx_word' id='word_1_368' title='bbox 609 3523 672 3557; x_wconf 83' lang='lat' dir='ltr'><strong>usus</strong></span> <span class='ocrx_word' id='word_1_369' title='bbox 687 3518 725 3557; x_wconf 84' lang='lat' dir='ltr'><strong>est</strong></span> <span class='ocrx_word' id='word_1_370' title='bbox 741 3503 865 3557; x_wconf 78' lang='lat' dir='ltr'><strong>arlrsrsm</strong></span> <span class='ocrx_word' id='word_1_371' title='bbox 880 3504 1024 3568; x_wconf 85' lang='lat' dir='ltr'><strong>Barbaros,</strong></span> <span class='ocrx_word' id='word_1_372' title='bbox 1039 3503 1119 3574; x_wconf 89' lang='lat' dir='ltr'><strong>paulo</strong></span> <span class='ocrx_word' id='word_1_373' title='bbox 1134 3500 1264 3553; x_wconf 86' lang='lat' dir='ltr'><strong>diversam</strong></span> 
     </span>
     <span class='ocr_line' id='line_1_39' title="bbox 203 3579 1264 3654; baseline -0.006 -20"><span class='ocrx_word' id='word_1_374' title='bbox 203 3580 266 3636; x_wconf 84' lang='lat' dir='ltr'><strong>iacit</strong></span> <span class='ocrx_word' id='word_1_375' title='bbox 278 3579 399 3636; x_wconf 85' lang='lat' dir='ltr'><strong>Clemens</strong></span> <span class='ocrx_word' id='word_1_376' title='bbox 412 3580 553 3637; x_wconf 79' lang='lat' dir='ltr'><strong>Alexandr.</strong></span> <span class='ocrx_word' id='word_1_377' title='bbox 566 3601 577 3635; x_wconf 87' lang='lat' dir='ltr'><strong>r</strong></span> <span class='ocrx_word' id='word_1_378' title='bbox 595 3595 687 3636; x_wconf 85' lang='lat' dir='ltr'><strong>strom.</strong></span> <span class='ocrx_word' id='word_1_379' title='bbox 699 3602 726 3654; x_wconf 90' lang='lat' dir='ltr'><strong>p.</strong></span> <span class='ocrx_word' id='word_1_380' title='bbox 739 3601 776 3636; x_wconf 84' lang='lat' dir='ltr'><strong>m.</strong></span> <span class='ocrx_word' id='word_1_381' title='bbox 792 3585 856 3646; x_wconf 72' lang='lat'><strong>343.</strong></span> <span class='ocrx_word' id='word_1_382' title='bbox 879 3581 971 3644; x_wconf 83' lang='lat' dir='ltr'><strong>Noctu,</strong></span> <span class='ocrx_word' id='word_1_383' title='bbox 989 3583 1091 3653; x_wconf 86' lang='lat' dir='ltr'><strong>inquit,</strong></span> <span class='ocrx_word' id='word_1_384' title='bbox 1107 3580 1264 3634; x_wconf 61' lang='lat' dir='ltr'><strong>diuitum·</strong></span> 
     </span>
     <span class='ocr_line' id='line_1_40' title="bbox 203 3657 1264 3734; baseline -0.004 -22"><span class='ocrx_word' id='word_1_385' title='bbox 203 3665 309 3722; x_wconf 71' lang='lat' dir='ltr'><strong>nimau,</strong></span> <span class='ocrx_word' id='word_1_386' title='bbox 323 3681 369 3732; x_wconf 80' lang='lat' dir='ltr'><strong>per</strong></span> <span class='ocrx_word' id='word_1_387' title='bbox 381 3661 436 3714; x_wconf 77' lang='lat' dir='ltr'><strong>lm</strong></span> <span class='ocrx_word' id='word_1_388' title='bbox 450 3666 514 3716; x_wconf 74' lang='lat' dir='ltr'><strong>auria</strong></span> <span class='ocrx_word' id='word_1_389' title='bbox 529 3664 687 3730; x_wconf 71' lang='lat' dir='ltr'><strong>iterfaciens,</strong></span> <span class='ocrx_word' id='word_1_390' title='bbox 704 3674 728 3713; x_wconf 85' lang='lat' dir='ltr'><strong>et</strong></span> <span class='ocrx_word' id='word_1_391' title='bbox 743 3681 798 3724; x_wconf 83' lang='lat' dir='ltr'><strong>eos,</strong></span> <span class='ocrx_word' id='word_1_392' title='bbox 818 3665 946 3734; x_wconf 78' lang='lat' dir='ltr'><strong>quiipsum</strong></span> <span class='ocrx_word' id='word_1_393' title='bbox 957 3661 1123 3721; x_wconf 71' lang='lat' dir='ltr'><strong>observabant,</strong></span> <span class='ocrx_word' id='word_1_394' title='bbox 1140 3657 1264 3710; x_wconf 64' lang='lat' dir='ltr'><strong>Barbaros</strong></span> 
     </span>
     <span class='ocr_line' id='line_1_41' title="bbox 203 3737 1263 3814; baseline -0.007 -22"><span class='ocrx_word' id='word_1_395' title='bbox 203 3741 330 3812; x_wconf 69' lang='lat' dir='ltr'><strong>decipiens.</strong></span> <span class='ocrx_word' id='word_1_396' title='bbox 348 3742 453 3812; x_wconf 80' lang='lat' dir='ltr'><strong>Hippias</strong></span> <span class='ocrx_word' id='word_1_397' title='bbox 465 3746 538 3802; x_wconf 83' lang='lat' dir='ltr'><strong>enirn,</strong></span> <span class='ocrx_word' id='word_1_398' title='bbox 559 3747 603 3814; x_wconf 85' lang='lat' dir='ltr'><strong>qui</strong></span> <span class='ocrx_word' id='word_1_399' title='bbox 614 3742 974 3810; x_wconf 77' lang='lat' dir='ltr'><strong>desereretadAtlracieusibus,</strong></span> <span class='ocrx_word' id='word_1_400' title='bbox 991 3740 1104 3792; x_wconf 69' lang='lat' dir='ltr'><strong>hubam</strong></span> <span class='ocrx_word' id='word_1_401' title='bbox 1117 3743 1143 3790; x_wconf 83' lang='lat' dir='ltr'><strong>irs</strong></span> <span class='ocrx_word' id='word_1_402' title='bbox 1155 3737 1263 3790; x_wconf 64' lang='lat' dir='ltr'><strong>Arcum</strong></span> 
     </span>
     <span class='ocr_line' id='line_1_42' title="bbox 203 3815 1265 3894; baseline -0.01 -18"><span class='ocrx_word' id='word_1_403' title='bbox 203 3821 345 3884; x_wconf 65' lang='lat' dir='ltr'><strong>indicent,</strong></span> <span class='ocrx_word' id='word_1_404' title='bbox 360 3834 384 3874; x_wconf 90' lang='lat' dir='ltr'><strong>at</strong></span> <span class='ocrx_word' id='word_1_405' title='bbox 396 3833 540 3892; x_wconf 72' lang='lat' dir='ltr'><strong>apportasse,</strong></span> <span class='ocrx_word' id='word_1_406' title='bbox 554 3841 608 3893; x_wconf 80' lang='lat' dir='ltr'><strong>quoe</strong></span> <span class='ocrx_word' id='word_1_407' title='bbox 616 3835 832 3894; x_wconf 71' lang='lat' dir='ltr'><strong>preoccuparent,</strong></span> <span class='ocrx_word' id='word_1_408' title='bbox 854 3823 908 3873; x_wconf 71' lang='lat' dir='ltr'><strong>hen</strong></span> <span class='ocrx_word' id='word_1_409' title='bbox 922 3821 1046 3882; x_wconf 79' lang='lat' dir='ltr'><strong>sersubrt,</strong></span> <span class='ocrx_word' id='word_1_410' title='bbox 1058 3831 1185 3891; x_wconf 75' lang='lat' dir='ltr'><strong>propterea</strong></span> <span class='ocrx_word' id='word_1_411' title='bbox 1200 3815 1265 3888; x_wconf 81' lang='lat' dir='ltr'><strong>quod</strong></span> 
     </span>
     <span class='ocr_line' id='line_1_43' title="bbox 204 3897 1265 3974; baseline -0.011 -16"><span class='ocrx_word' id='word_1_412' title='bbox 204 3913 257 3958; x_wconf 67' lang='lat' dir='ltr'><strong>tut!</strong></span> <span class='ocrx_word' id='word_1_413' title='bbox 266 3905 358 3972; x_wconf 68' lang='lat' dir='ltr'><strong>patitur</strong></span> <span class='ocrx_word' id='word_1_414' title='bbox 371 3905 482 3970; x_wconf 55' lang='lat' dir='ltr'><strong>machuti.</strong></span> <span class='ocrx_word' id='word_1_415' title='bbox 500 3903 541 3955; x_wconf 79' lang='lat' dir='ltr'><strong>Ac</strong></span> <span class='ocrx_word' id='word_1_416' title='bbox 553 3899 652 3972; x_wconf 72' lang='lat' dir='ltr'><strong>difficile</strong></span> <span class='ocrx_word' id='word_1_417' title='bbox 668 3903 838 3974; x_wconf 67' lang='lat' dir='ltr'><strong>quitiaerat,</strong></span> <span class='ocrx_word' id='word_1_418' title='bbox 856 3903 930 3952; x_wconf 80' lang='lat' dir='ltr'><strong>latere</strong></span> <span class='ocrx_word' id='word_1_419' title='bbox 941 3899 1066 3970; x_wconf 66' lang='lat' dir='ltr'><strong>Hippian.</strong></span> <span class='ocrx_word' id='word_1_420' title='bbox 1092 3897 1160 3949; x_wconf 73' lang='lat' dir='ltr'><strong>unde</strong></span> <span class='ocrx_word' id='word_1_421' title='bbox 1181 3899 1265 3947; x_wconf 81' lang='lat' dir='ltr'><strong>nrerito</strong></span> 
     </span>
     <span class='ocr_line' id='line_1_44' title="bbox 203 3977 1261 4054; baseline -0.012 -16"><span class='ocrx_word' id='word_1_422' title='bbox 203 3981 340 4044; x_wconf 53' lang='lat' dir='ltr'><strong>Miltlsdaet‘,</strong></span> <span class='ocrx_word' id='word_1_423' title='bbox 351 3995 379 4034; x_wconf 83' lang='lat' dir='ltr'><strong>-et</strong></span> <span class='ocrx_word' id='word_1_424' title='bbox 389 3981 449 4034; x_wconf 72' lang='lat' dir='ltr'><strong>hen</strong></span> <span class='ocrx_word' id='word_1_425' title='bbox 456 3985 525 4036; x_wconf 79' lang='lat' dir='ltr'><strong>iuriis</strong></span> <span class='ocrx_word' id='word_1_426' title='bbox 535 3993 559 4033; x_wconf 89' lang='lat' dir='ltr'><strong>et</strong></span> <span class='ocrx_word' id='word_1_427' title='bbox 565 3994 633 4034; x_wconf 78' lang='lat' dir='ltr'><strong>noete</strong></span> <span class='ocrx_word' id='word_1_428' title='bbox 641 4003 708 4042; x_wconf 75' lang='lat' dir='ltr'><strong>wau,</strong></span> <span class='ocrx_word' id='word_1_429' title='bbox 721 3998 849 4054; x_wconf 59' lang='lat' dir='ltr'><strong>aggressa&amp;</strong></span> <span class='ocrx_word' id='word_1_430' title='bbox 859 3981 958 4040; x_wconf 80' lang='lat' dir='ltr'><strong>Persas,</strong></span> <span class='ocrx_word' id='word_1_431' title='bbox 975 3979 1058 4050; x_wconf 70' lang='lat' dir='ltr'><strong>quidm</strong></span> <span class='ocrx_word' id='word_1_432' title='bbox 1064 3977 1261 4048; x_wconf 69' lang='lat' dir='ltr'><strong>prweratDutis,</strong></span> 
     </span>
     <span class='ocr_line' id='line_1_45' title="bbox 204 4057 1262 4136; baseline -0.004 -24"><span class='ocrx_word' id='word_1_433' title='bbox 204 4061 230 4112; x_wconf 83' lang='lat' dir='ltr'><strong>iu</strong></span> <span class='ocrx_word' id='word_1_434' title='bbox 244 4066 432 4116; x_wconf 71' lang='lat' dir='ltr'><strong>artemium</strong></span> <span class='ocrx_word' id='word_1_435' title='bbox 442 4065 482 4124; x_wconf 75' lang='lat' dir='ltr'><strong>iis,</strong></span> <span class='ocrx_word' id='word_1_436' title='bbox 500 4081 598 4136; x_wconf 81' lang='lat' dir='ltr'><strong>quorum</strong></span> <span class='ocrx_word' id='word_1_437' title='bbox 613 4065 660 4132; x_wconf 67' lang='lat' dir='ltr'><strong>inse</strong></span> <span class='ocrx_word' id='word_1_438' title='bbox 671 4061 722 4114; x_wconf 80' lang='lat' dir='ltr'><strong>dua</strong></span> <span class='ocrx_word' id='word_1_439' title='bbox 734 4073 801 4128; x_wconf 74' lang='lat' dir='ltr'><strong>emo,</strong></span> <span class='ocrx_word' id='word_1_440' title='bbox 814 4063 922 4130; x_wconf 75' lang='lat' dir='ltr'><strong>superior</strong></span> <span class='ocrx_word' id='word_1_441' title='bbox 931 4063 1014 4113; x_wconf 75' lang='lat' dir='ltr'><strong>erasit.</strong></span> <span class='ocrx_word' id='word_1_442' title='bbox 1020 4057 1088 4110; x_wconf 91' lang='lat' dir='ltr'><strong>Vult</strong></span> <span class='ocrx_word' id='word_1_443' title='bbox 1099 4069 1186 4110; x_wconf 84' lang='lat' dir='ltr'><strong>autem</strong></span> <span class='ocrx_word' id='word_1_444' title='bbox 1200 4069 1262 4110; x_wconf 77' lang='lat' dir='ltr'><strong>eum</strong></span> 
     </span>
    </p>
   </div>
   <div class='ocr_carea' id='block_1_3' title="bbox 204 4138 1262 4211">
    <p class='ocr_par' dir='ltr' id='par_1_3' title="bbox 204 4138 1262 4211">
     <span class='ocr_line' id='line_1_46' title="bbox 204 4138 1262 4211; baseline -0.004 -17"><span class='ocrx_word' id='word_1_445' title='bbox 204 4138 335 4196; x_wconf 79' lang='lat' dir='ltr'><strong>inhaere</strong></span> <span class='ocrx_word' id='word_1_446' title='bbox 348 4143 449 4196; x_wconf 82' lang='lat' dir='ltr'><strong>Molsen</strong></span> <span class='ocrx_word' id='word_1_447' title='bbox 463 4143 602 4197; x_wconf 82' lang='lat' dir='ltr'><strong>imitatum.</strong></span> <span class='ocrx_word' id='word_1_448' title='bbox 617 4141 713 4194; x_wconf 77' lang='lat' dir='ltr'><strong>Barim.</strong></span> <span class='ocrx_word' id='word_1_449' title='bbox 728 4139 1005 4202; x_wconf 69' lang='lat' dir='ltr'><strong>Curi-Dansr‘nstrulta,</strong></span> <span class='ocrx_word' id='word_1_450' title='bbox 1021 4141 1262 4211; x_wconf 73' lang='lat' dir='ltr'><strong>acropatus-summa</strong></span> 
     </span>
    </p>
   </div>
   <div class='ocr_carea' id='block_1_4' title="bbox 0 0 1664 5156">
    <p class='ocr_par' dir='ltr' id='par_1_4' title="bbox 0 0 1664 5156">
     <span class='ocr_line' id='line_1_47' title="bbox 0 0 1664 5156; baseline 0 0"><span class='ocrx_word' id='word_1_451' title='bbox 0 0 1664 5156; x_wconf 95' lang='lat' dir='ltr'><strong> </strong></span> 
     </span>
    </p>
   </div>
  </div>
 </body>
</html>
