3200 5130
518 471 814 542 nrsnnnnn.
1145 477 1195 575 ⁶7

185 607 249 676 tv.
264 603 374 698 Atque
382 599 531 672 hocloco
539 625 608 672 non
621 616 670 672 est
679 604 941 698 pretereundum
955 604 1079 678 factum
1090 609 1199 682 Phar-

134 713 270 799 nabazi,
291 710 430 804 satrapis
451 707 559 810 regiis.
579 711 666 778 Nam
686 735 789 803 quum
812 711 1001 804 Lysander,
1023 715 1198 810 praesectus

133 816 265 904 classis,
285 819 320 886 in
337 813 424 884 bello
438 815 541 884 multa
554 813 748 886 crudeliter²
765 839 929 911 avareque
937 818 1082 909 fecisset,
1093 823 1201 920 deque

113 925 188 994 'his
210 924 309 992 rebus
326 923 548 1016 suspicaretur
565 921 607 990 ad
621 923 709 992 cives
725 944 802 992 suos
817 947 888 992 esse
906 923 1087 1020 perlatum,
1106 933 1200 1023 petiit

133 1055 154 1098 a
186 1029 426 1114 Pharnabazo,
454 1041 490 1096 ut
513 1027 555 1096 ad
582 1027 726 1123 ephoros
753 1030 813 1098 sibi
837 1033 1061 1102 testimonium
1079 1035 1199 1126 'daret,

133 1150 262 1230 quanta
284 1137 455 1205 sanctitate
480 1133 602 1202 bellum
632 1137 783 1228 gessisset
807 1137 979 1231 sociosque
1005 1153 1200 1231 tractasset,

135 1243 245 1336 deque
265 1265 303 1310 ea
322 1265 357 1309 re
379 1254 531 1309 accurate
553 1239 730 1328 scriberet3
748 1265 902 1336 magnam
921 1245 1008 1312 enirn
1027 1243 1097 1339 ejus
1117 1271 1197 1316 auc-

135 1351 305 1418 toritatem
317 1349 349 1414 in
361 1371 400 1415 ea
413 1371 449 1414 re
464 1345 619 1414 futuram.
634 1347 718 1415 Huic
733 1335 991 1418 illeliberaliter³
1007 1350 1200 1444 pollicetur:

135 1454 259 1523 librum
278 1477 412 1548 gravem
431 1451 542 1521 multis
560 1451 669 1522 verbis
687 1455 902 1549 conscripsit,
920 1457 953 1523 in
975 1481 1041 1550 quo
1065 1461 1200 1529 summis

135 1585 213 1630 eum
235 1559 333 1630 ellert
352 1557 514 1627 laudibus.
535 1559 645 1646 Quem
668 1583 769 1652 quum
791 1558 921 1654 legisset
941 1561 1201 1658 probassetque,

136 1665 215 1736 dum
235 1663 430 1760 obsignatur
439 1652 461 1746 ⁴,
481 1664 621 1733 alterurn
643 1667 715 1760 pari
733 1668 972 1760 magnitudine,
996 1681 1088 1738 tanta
1108 1673 1199 1740 simi-

135 1771 292 1860 litudine,
308 1787 346 1840 ut
363 1769 504 1840 discerni
512 1795 580 1840 non
592 1785 719 1866 posset,
735 1772 898 1866 signatum
912 1773 1066 1867 subjecit;
1084 1777 1117 1844 in
1132 1803 1199 1874 quo

137 1973 289 2046 Δογογράφοι
310 1951 495 2034 mulianas,
516 1973 563 2043 qni
589 1973 647 2026 aliis
691 1973 1022 2038 umbrante-‚vnde
1030 1979 1135 2048 scytale
1147 1981 1198 2034 ior·

137 2054 271 2108 orcham
293 2051 493 2124 scriptitabant,
514 2069 574 2124 qun
594 2071 646 2106 vox
690 2058 749 2118 nt,
765 2053 939 2119 Pausaniam,
961 2055 1010 2110 ut.
1033 2085 1074 2098 -—
1098 2059 1199 2128 ρωηια

137 2153 199 2188 casn
221 2152 251 2188 re
268 2132 394 2204 deinceps
415 2131 444 2184 in
463 2143 647 2204 conte-ptam
689 2137 824 2186 sanctitate.
836 2133 1200 2199 Justitia,mcderatiaueer.

137 2209 260 2267 adducta.
291 2213 433 2266 laceratam
465 2211 553 2282 primo
588 2211 646 2264 ali'n
688 2229 741 2282 qne
755 2213 913 2284 integritate.
925 2215 1013 2268 Valer.
1026 2215 1134 2272 Maxim.
1148 2220 1194 2274 lib.

136 2293 270 2346 orations
292 2293 406 2346 wsibere
427 2291 537 2344 solitum
563 2291 646 2344 refert
687 2291 745 2356 IV,
765 2310 822 2364 cap.
852 2311 890 2358 r,
917 2299 967 2358 14,
991 2292 1026 2346 de
1051 2299 1206 2366 posteriora,

137 2373 234 2426 Cicero
245 2373 272 2426 in
287 2373 453 2441 Brnto‚cap.
466 2371 530 2422 xu.
687 2369 983 2442 casm-Cypriacam
992 2376 1132 2444 pecuniam
1143 2397 1196 2432 nse-

175 2452 243 2506 Css.
254 2453 304 2504 1v.
320 2471 344 2504 r.
359 2449 528 2509 Pharnabazi,
541 2453 644 2519 senapis
687 2449 756 2502 xima
768 2469 830 2503 cnm
841 2450 979 2522 diligentia
986 2467 1013 2505 et
1026 2461 1153 2508 senectute
1165 2460 1194 2514 in

137 2535 207 2602 regii.
215 2529 551 2586 Hicslteriustar-nabeai
558 2527 643 2593 lilius,
686 2529 780 2582 urbem
791 2528 984 2601 deportaverat.
1002 2559 1012 2578 ι
1024 2532 1092 2588 liine
1104 2551 1195 2591 sanato

136 2611 202 2664 olins
221 2611 310 2674 Darii,
327 2609 476 2662 uorem
494 2620 584 2680 postea
602 2625 642 2658 sa·
686 2627 782 2669 maras,
801 2627 856 2660 non
877 2610 985 2679 polluta
1008 2613 1143 2684 captandis
1166 2631 1193 2672 et

136 2701 235 2761 tropen,
249 2686 465 2760 quihlcihiadem
472 2687 549 2758 jussit
559 2687 642 2738 inter·
684 2686 850 2756 acceptandis
870 2689 1023 2743 muneribus
1043 2695 1191 2762 provincia·

135 2769 189 2822 lici.
196 2767 266 2822 vide
275 2749 529 2832 Diodorum,Xll',
539 2766 642 2818 etinira
684 2765 762 2830 lium,
780 2765 851 2838 apud
861 2767 948 2819 Valer.
965 2769 1036 2822 Mas.
1054 2771 1093 2837 11,
1107 2793 1138 2838 a,
1154 2779 1187 2829 8:

135 2848 164 2902 in
175 2846 320 2912 Alcibiade,
329 2848 363 2900 X.
372 2846 484 2916 Sati-apis
493 2847 562 2914 regii.
570 2843 641 2896 Vide
687 2869 698 2891 ι
708 2851 775 2897 Turn
788 2845 867 2898 etiam
877 2844 1017 2899 hominum
1027 2851 1188 2906 continentia

15 2945 17 2950 ·
134 2945 228 3000 supra,
243 2928 271 2980 in
286 2925 428 2991 Pausania,
443 2927 464 2977 1.
683 2924 776 2988 inerat,
786 2925 987 2995 imperatoribus
994 2929 1100 2994 nostris,
1109 2950 1187 3002 quam

177 3027 203 3060 s.
224 3006 306 3060 Malta
329 3005 463 3057 cnadels'ter.
483 3001 553 3054 Vide
568 3002 638 3056 Plut.
682 3015 782 3055 sanctas
806 3021 899 3055 manus
922 3004 1019 3057 habere
1046 3005 1186 3077 deberent,

136 3087 309 3158 -Asmque
319 3086 362 3138 Ab
371 3081 561 3136 mm
568 3081 638 3136 Plnt.
682 3079 812 3153 spedista
824 3083 915 3136 altaria
926 3081 1095 3141 discentibus.
1112 3115 1122 3135 .

135 3169 192 3236 ejus
213 3163 376 3219 continentis
393 3161 525 3218 tedam
550 3161 639 3216 Ἠιο-
723 3163 750 3216 ³.
762 3163 905 3214 liberaliter
912 3164 1046 3234 μοᾶὼιταν.
1060 3167 1185 3223 Libenter

134 3263 249 3316 pompus
261 3262 367 3316 quoqne
382 3241 482 3294 ibidem
497 3259 558 3294 eum
574 3259 638 3312 pau·
681 3252 708 3293 et
719 3242 868 3313 magnifice,
881 3243 936 3294 imo
946 3245 1091 3316 impensius
1105 3266 1185 3319 quam

133 3343 225 3395 perenn
245 3321 402 3378 defunctu
422 3317 515 3374 rethre
535 3320 641 3392 Opb
680 3319 1184 3394 exigebatur-,pollioetnnltalerenCi-

132 3421 197 3456 vero
211 3404 326 3456 multum
340 3399 477 3472 largiendo
495 3401 639 3454 tenue:-
680 3419 741 3454 oero
751 3402 1105 3474 legatisprneepitmtudium
1119 3425 1182 3460 con·

132 3483 248 3548 haustis,
263 3501 366 3553 pauper
379 3480 639 3551 decessit,hsncque
677 3481 817 3551 jurationis
839 3481 1009 3535 vehementer
1039 3485 1183 3552 simulent,
1207 3519 1210 3528 ·

132 3563 323 3615 continentiam
337 3559 370 3614 ad
383 3572 487 3630 tempus
500 3559 638 3612 simulave-
679 3572 779 3612 ceteros
794 3559 904 3625 adeant,
920 3562 976 3612 bne
987 3564 1154 3632 polhoeantar.
1170 3595 1180 3614 n

133 3655 181 3694 rat.
193 3673 234 3685 -
244 3642 327 3714 Deque
342 3642 378 3692 liis
391 3642 559 3710 suspicaretur.
575 3637 637 3692 Haec
679 3637 782 3692 Sallust.
792 3638 849 3691 Cat.
861 3640 932 3692 XLI.
945 3640 1105 3696 -Grasens
1115 3645 1184 3698 lleu·

132 3721 254 3793 prolixe,
272 3718 319 3773 sed
343 3732 430 3772 tamen
451 3717 532 3790 paulo
562 3717 638 3770 aliter
679 3717 766 3788 singen
775 3719 871 3790 aliique
883 3719 972 3789 plures
983 3718 1055 3773 docti
1067 3722 1118 3774 viri
1127 3744 1183 3794 gre·

131 3813 221 3854 umet
248 3798 414 3854 Plutarchus.
430 3795 500 3866 Vide
530 3813 638 3868 quoque
680 3817 728 3848 sem
743 3797 880 3851 scribentis
894 3797 1056 3852 Pharnabazi
1071 3803 1182 3871 gravita-

130 3879 501 3950 deonum,V11,19.-
515 3876 636 3946 Ephesos.
679 3887 733 3929 tem
750 3877 855 3948 potius,
880 3893 960 3946 quam
982 3877 1045 3930 libri
1069 3881 1182 3948 molem,

132 3963 156 4012 A
168 3959 283 4030 quibus,
297 3958 396 4029 scybala
412 3957 505 4020 missa,
521 3967 552 4008 ut
565 3955 636 4008 Plat.
679 3955 827 4025 significare
841 3955 1009 4008 arbitrantur.

130 4051 158 4092 et
179 4039 320 4110 Polyaenus
342 4047 466 4102 narrem,
489 4035 576 4088 iuerat
594 4051 636 4086 re·
722 4039 748 4098 4.
769 4035 835 4086 Dm
854 4033 1001 4104 obsignatas.
1025 4037 1095 4089 Dum
1115 4039 1184 4111 epis·

129 4131 245 4172 vocatus
277 4119 317 4170 De
338 4116 445 4188 ephoris
471 4113 532 4166 vide
558 4131 637 4182 supra
682 4113 741 4166 tola
756 4112 871 4182 sigillum
887 4113 1022 4184 imprimit.
1039 4147 1079 4158 -
1094 4116 1183 4188 Signa.

961 4215 1014 4290 5,
