3282 5156
549 568 891 638 FRAGMENTA.
1177 595 1251 668 299

195 713 289 770 recto
308 722 425 785 cursu,
443 712 481 767 ut
499 714 616 769 auctor
634 715 685 769 est
705 699 875 794 Polybius,
893 702 940 772 10
958 701 1005 770 Μ.
1025 725 1179 796 passuum
1201 705 1249 772 in·

195 819 349 890 tersunt3
369 807 509 875 circuitu
531 830 610 874 vero
632 807 731 875 totius
752 808 864 893 Ponti,
879 808 978 876 vicies
995 808 1094 876 semel
1112 824 1251 878 centena

194 912 434 1006 quinquaginta
456 914 494 980 Μ
498 963 518 998 .,
540 926 579 981 ut
600 927 716 981 auctor
737 925 787 980 est
808 915 936 999 Varro,
958 927 993 981 et
1022 914 1090 983 fere
1111 930 1249 984 veteres.

193 1020 307 1112 Nepos
342 1015 516 1086 Cornelius
547 1031 694 1088 trecenta
725 1017 826 1086 millia
859 1021 1096 1115 quinquaginta
1132 1020 1252 1115 adjicit.

195 1125 284 1193 Plt'n.
303 1127 378 1209 W,
406 1147 462 1192 12.

246 1232 287 1296 In
303 1252 361 1298 ora
380 1230 520 1316 Oceani,
536 1228 664 1298 colonia
681 1231 836 1323 Augusti,
851 1229 937 1299 lulia
957 1233 1188 1302 Constantia...
1208 1235 1252 1302 Et

196 1335 237 1404 ab
256 1359 294 1404 ea
311 1336 447 1404 XXXII
466 1337 518 1402 tt·
534 1359 617 1429 pass.
633 1333 777 1419 colonia,
798 1360 817 1404 a
837 1335 975 1406 Claudio
998 1341 1127 1408 Caesare
1149 1338 1251 1427 facta,
1281 1410 1292 1420 ,

195 1444 304 1510 Lixos.
328 1441 379 1509 lbi
407 1442 495 1535 regia
517 1442 639 1529 Antaei,
666 1455 896 1537 certamenque
919 1469 995 1513 cum
1024 1443 1191 1532 Hercule,
1218 1460 1252 1514 ct

195 1546 416 1642 Hesperidum
435 1547 563 1616 horti...
576 1549 677 1616 Extat
695 1550 729 1616 iu
746 1573 784 1617 ea
800 1564 834 1618 et
846 1571 903 1617 ara
915 1548 1085 1636 Herculis,
1099 1575 1160 1619 nec
1174 1575 1254 1645 prae·

194 1668 245 1724 ter
257 1652 415 1722 oleastros
436 1651 524 1722 aliud
542 1678 583 1722 ex
601 1669 734 1724 narrato
750 1653 805 1724 illo
821 1655 964 1726 audiero
977 1679 1122 1726 nemore.
1139 1659 1251 1726 Minus

194 1759 345 1854 profecto
367 1761 529 1828 mirentur
543 1775 733 1854 portentosa
746 1763 883 1830 Graeciae
897 1761 1087 1849 mendacia,
1109 1761 1150 1830 de
1167 1764 1205 1832 iis
1218 1778 1252 1832 et

195 1891 293 1936 amne
319 1868 402 1934 Lixo
425 1865 570 1960 prodita,
596 1869 653 1961 qui
679 1869 840 1963 cogitent,
868 1883 999 1938 nostros
1026 1893 1132 1962 nuper
1151 1868 1253 1962 paulo

195 1973 304 2042 minus
321 1972 525 2042 monstrifica
547 1973 695 2067 quaedam
714 1973 756 2043 de
773 1974 887 2043 iisdem
912 1974 1105 2044 tradidisse:
1122 1999 1252 2069 pruva-

196 2076 293 2147 lidam
308 2078 395 2146 hano
409 2078 524 2148 urbem
536 2132 545 2164 ,
559 2079 781 2174 majoremque
793 2081 995 2176 Carthagine
1012 2105 1131 2174 magna
1147 2109 1156 2166 3
1169 2107 1252 2174 prae-

197 2199 284 2254 terea
308 2208 358 2261 ex.
374 2183 513 2253 adverso
533 2185 603 2277 ejus
625 2187 717 2254 sitam
727 2185 748 2272 ¹,
773 2201 806 2254 et
831 2211 935 2281 prope
962 2190 1122 2256 immenso
1143 2201 1252 2256 tractu

197 2290 239 2358 ab
256 2290 378 2383 Tingi3
403 2313 540 2384 quaque
562 2289 625 2358 alia
648 2289 820 2362 Cornelius
841 2294 953 2386 Nepos
972 2293 1156 2361 avidissime
1177 2318 1254 2362 cre·

198 2395 290 2466 didit.
310 2395 398 2464 Plin.
417 2398 467 2482 V,
490 2419 518 2464 t.

250 2500 359 2594 Aliqui
373 2502 458 2570 iuter
472 2505 615 2572 Pontum
629 2517 663 2571 et
680 2505 837 2598 Caspium
856 2528 947 2574 mare
962 2505 1182 2574 CCCLXXV
1203 2505 1251 2572 M.

197 2631 282 2702 pass.
303 2632 371 2676 non
389 2606 530 2702 amplius
547 2610 701 2678 interesse
712 2609 938 2699 tradiderunt;
956 2609 1129 2680 Cornelius
1139 2611 1253 2704 Nepos

198 2717 288 2785 CCL
306 2712 416 2783 millia.
435 2716 524 2784 Plus.
543 2718 611 2802 VI,
635 2740 688 2786 11.

249 2819 404 2914 Polybius
425 2822 459 2889 in
477 2835 624 2890 extrema
642 2823 838 2890 Mauritania
853 2838 968 2892 contra
983 2835 1128 2892 montera
1144 2821 1253 2890 Atlan-

197 2940 263 2995 tem
282 2951 301 2994 a
322 2942 410 2996 terra
431 2927 535 2996 stadia
556 2941 633 2998 octo
657 2928 769 2998 abesse
791 2929 935 3024 prodidit
954 2925 1112 2997 Cernen’.
1139 2929 1253 3021 Nepos

198 3032 371 3116 Cornelius
396 3059 436 3102 ex
463 3033 602 3103 adverso
629 3037 768 3104 maxime
794 3035 1039 3129 Carthaginisa
1065 3035 1253 3102 continente

198 3162 313 3230 passus
335 3138 450 3228 mille;
479 3165 546 3210 nou
568 3140 759 3236 ampliorem
782 3141 921 3210 circuitu
948 3141 1077 3211 duobus
1098 3137 1252 3208 millibus.

200 3243 353 3328 Plz'rtt‘ru,
375 3249 414 3316 V
409 3249 433 3313 Ι
435 3299 446 3330 ,
473 3243 531 3315 31.

251 3350 364 3443 Nepos
376 3350 567 3441 Cornelius,
577 3354 633 3446 qui
643 3353 713 3422 divi
726 3355 866 3448 Augusti
876 3355 1062 3449 principatu
1071 3353 1167 3438 obiit,
1181 3376 1253 3437 me,

199 3455 321 3548 iuquit,
337 3455 460 3548 juvene
480 3445 627 3527 violacea
644 3445 805 3555 purpura³
824 3460 971 3554 vigebat,
986 3460 1079 3554 cujus
1097 3458 1179 3526 libra
1197 3457 1252 3525 de-

239 3630 303 3683 Ctr.
327 3629 404 3682 VIII·
438 3648 463 3682 ι.
488 3631 701 3703 Eccdaersoejur
745 3633 950 3704 interpretantur
961 3633 1011 3686 viri
1019 3629 1167 3703 doctiapud
1177 3630 1255 3700 Poly·

162 3754 166 3763 ,
199 3712 278 3764 sitam.
296 3709 319 3762 E
335 3709 460 3781 regione,
473 3709 515 3763 vel
533 3729 563 3763 ex
581 3712 702 3784 opposito
746 3713 1018 3779 bium,XXXIX‚r,
1033 3712 1252 3780 ectcrrlmuae

198 3791 317 3842 maxima
329 3789 503 3860 Carthaginis.
516 3788 616 3844 Eodem
625 3809 704 3844 seusu
746 3793 983 3866 pretiosiorTyria.
992 3791 1252 3861 Devariispurpuru

200 3868 270 3941 apud
279 3869 421 3940 Virgilium
430 3869 499 3940 legas
508 3882 608 3924 watra:
619 3897 630 3918 ι
642 3873 704 3924 Car·
746 3873 887 3946 generibus
899 3871 960 3924 ride
974 3871 1098 3935 Caelium,
1110 3865 1251 3939 Rapum,

199 3949 386 4021 thagoltaliam
394 3961 502 4003 corma
512 3949 650 4017 AEneid.l,
662 3953 702 4005 13.
747 3952 948 4016 etSalmasium‚
963 3949 1136 4022 quiomuium
1147 3965 1251 4000 accura-

241 4049 266 4082 ι.
291 4029 392 4083 Cernen.
410 4028 538 4082 Nonnulli
559 4031 702 4088 Madarra,
747 4033 860 4096 tissime,
873 4031 901 4084 iu
916 4031 986 4084 notis
1005 4029 1038 4082 ad
1056 4027 1251 4081 Tertullianum

199 4107 244 4160 alii
256 4109 393 4164 Gratiarum
404 4109 516 4162 insulam
531 4129 586 4163 esse
601 4123 702 4182 putant.
747 4109 781 4165 de
797 4112 892 4174 Pallio,
904 4111 1016 4182 scripsit.
1029 4111 1150 4181 Purpura
1163 4119 1252 4160 autem

241 4189 265 4242 3.
283 4190 399 4242 Votum
408 4208 525 4262 purpura.
538 4191 650 4256 Grecis,
666 4191 704 4245 uti
746 4192 861 4246 violacea
886 4191 1035 4262 tingebatur
1068 4190 1136 4242 circs
1163 4187 1252 4240 littora
