3200 5120
673 551 817 623 VITA.
1211 579 1281 628 xrrr

219 679 434 756 Timoleontis
453 679 529 750 vitre
551 679 682 752 subdit:
706 713 724 749 α
749 684 792 752 Hi
812 682 880 752 fere
902 681 993 752 sucre
1017 681 1152 753 Graecioe
1170 689 1276 781 gentis

219 785 336 875 duces,
346 789 402 882 qui
416 788 574 856 memoria
589 787 679 883 digni
690 788 904 875 videbantur,
916 800 1034 884 preter
1044 791 1165 884 Reges:
1177 816 1274 862 nam-

218 917 283 986 que
302 917 360 960 eos
383 895 543 988 attingere
557 891 740 982 noluimus,
759 893 848 990 quod
866 895 1013 964 omnium
1029 919 1081 964 res
1103 911 1201 989 gestae
1220 923 1273 966 se·

220 999 360 1092 paratim
393 1012 470 1068 sunt
503 995 621 1069 relate.
652 1001 770 1094 Neque
797 1013 908 1068 tamen
933 999 969 1068 hi
992 999 1170 1078 admodum
1198 1017 1275 1074 sunt

221 1101 323 1172 multi.
342 1131 361 1168 n
380 1105 514 1174 Externi
535 1105 766 1198 imperatores,
781 1129 863 1198 quos
876 1103 1055 1192 habemus,
1070 1102 1189 1176 AEmilii
1205 1132 1277 1178 esse

219 1207 320 1278 Probi
338 1232 358 1278 a
376 1207 487 1280 multis
506 1208 695 1294 creduntur.
715 1210 783 1297 Qui
800 1233 893 1279 error
910 1209 986 1280 inde
998 1213 1167 1305 provenit,
1185 1213 1273 1306 quod

219 1311 354 1384 librario
369 1313 402 1384 id
417 1313 516 1384 fuerit
526 1339 648 1384 nomen
657 1367 666 1402 ,
676 1316 733 1410 qui
747 1316 831 1385 vitas
845 1339 918 1404 eas,
930 1317 1051 1410 partim
1069 1320 1272 1412 sua,prrtim

220 1421 322 1514 patris
348 1433 382 1488 et
401 1421 516 1490 matris
535 1443 635 1490 manu
659 1421 816 1515 scriptas,
837 1420 1025 1491 Theodosio
1049 1419 1177 1492 obtulit.
1201 1426 1275 1494 lloo

220 1527 266 1594 ita
292 1549 383 1612 csse,
404 1525 583 1596 ostendunt
607 1524 783 1614 versiculi,
804 1527 955 1620 quiritis
979 1527 1047 1596 istis
1071 1529 1223 1622 praemitti
1240 1531 1273 1598 in

221 1631 315 1702 Mss.
329 1628 443 1702 solent
458 1633 507 1701 Ac
521 1655 583 1700 nec
596 1630 761 1706 AEmilium
770 1684 780 1719 ,
790 1657 851 1702 nec
862 1632 1080 1703 Theodosiani
1093 1633 1152 1704 aevi
1166 1659 1275 1727 quem·

221 1761 337 1830 quam,
351 1761 465 1810 eorum
480 1761 549 1808 esse
559 1735 718 1806 librorum
730 1751 917 1824 auctorem,
927 1738 1059 1808 abunde
1073 1740 1180 1834 arguit
1190 1763 1274 1834 pura
1384 1813 1387 1822 ,

221 1855 254 1914 et
270 1845 422 1914 Romana
436 1843 545 1914 dictio.
559 1843 724 1939 Opinetur
736 1842 867 1939 aliquis,
882 1858 921 1914 ut
934 1845 1063 1940 Trogus
1071 1843 1113 1912 ab
1129 1847 1147 1912 J
1149 1846 1273 1933 ustino,

221 1950 267 2018 ita
286 1947 328 2018 ab
348 1947 499 2036 AEtnilio,
521 1951 578 2044 qui
598 1950 659 2019 sub
671 1947 857 2024 Theodosio
878 1951 974 2037 vixit,
988 1951 1023 2019 in
1041 1949 1274 2044 compendium

221 2079 291 2124 esse
309 2053 479 2128 redactum
495 2057 668 2150 Nepotem.
685 2054 749 2124 Sed
769 2053 857 2124 alind
879 2054 993 2125 suadet
1013 2057 1121 2149 operis
1140 2058 1272 2126 concin-

220 2161 323 2249 nitas,
348 2175 383 2230 et
407 2158 462 2232 illa
488 2160 647 2256 praefandi
672 2162 774 2248 ratio,
796 2185 869 2254 quae
895 2175 945 2232 est
972 2163 1007 2230 in
1036 2161 1272 2256 Epaminondas

220 2267 305 2354 vita,
324 2289 363 2336 ac
376 2269 410 2334 in
422 2264 577 2361 Pelopida
597 2267 773 2362 imprimis,
787 2265 844 2336 ubi
855 2267 1047 2336 brevitatem
1066 2267 1188 2360 justam
1202 2267 1273 2362 pol·

221 2369 343 2444 licetur.
364 2375 518 2444 Attamen
535 2374 694 2444 sententia
714 2372 800 2458 haec,
819 2370 895 2442 licet
913 2397 1070 2458 erronea,
1087 2374 1194 2442 minus
1213 2399 1272 2468 pe·

219 2475 311 2550 riculi
335 2477 477 2566 lrabeat,
502 2477 683 2552 dnmmodo
711 2492 803 2550 extra
829 2480 1086 2550 controversiam
1114 2494 1273 2571 maneat,

219 2581 384 2656 AEmilium
405 2585 516 2656 omniu
534 2585 575 2654 de
593 2585 772 2680 purissimis
793 2585 932 2679 Nepotis
952 2583 1097 2656 fontibus
1116 2584 1270 2656 hausisse.

219 2688 305 2759 Sane
326 2687 468 2762 Tulliani
489 2715 558 2762 cese
579 2691 640 2760 arvi
662 2693 875 2786 scriptorem,
901 2713 1006 2782 neque
1027 2689 1145 2776 aliurn,
1171 2715 1271 2784 quam

218 2793 403 2890 Nepotem,
421 2811 491 2868 tum
513 2811 660 2870 veterum
678 2795 802 2890 aliquot
823 2793 980 2868 librorum
994 2793 1113 2864 indicio
1132 2819 1270 2889 eognos-

219 2899 323 2989 citur3
341 2916 413 2972 tum
435 2906 554 2988 etiam,
568 2901 658 2996 quod
678 2902 720 2972 ad
743 2902 963 2996 Pomponium
987 2901 1134 2972 Atticum
1152 2893 1271 2994 (cujus

218 3003 305 3076 idem
326 3007 504 3102 cogitndo
523 3009 591 3080 rita
605 3009 739 3080 Catonis
757 3005 877 3078 librum
896 2997 996 3094 fecit)
1009 3007 1084 3078 vitoe
1102 3007 1170 3078 istae
1190 3009 1270 3077 seri-

219 3109 341 3182 bantur
357 3139 364 3184 :
380 3129 558 3208 utcumque
580 3111 611 3181 id
630 3115 665 3186 itt
688 3127 805 3208 quarto
824 3111 1112 3186 Miscellaneorum
1136 3137 1270 3184 suorum

217 3233 316 3312 neget
338 3221 557 3315 Hieronymus
581 3221 731 3314 Magius,
752 3220 808 3314 qui
827 3219 896 3318 ipsa
917 3219 1055 3312 Nepotis
1080 3218 1271 3312 pausatione

218 3325 296 3394 satis
320 3323 486 3398 refellitur.
508 3317 645 3403 Accedit
662 3339 696 3396 et
717 3322 819 3396 altera
836 3325 931 3398 ratio.
950 3326 1037 3396 Nam
1058 3323 1109 3396 his
1130 3326 1163 3396 in
1181 3324 1271 3396 libris

217 3451 256 3498 ca
278 3429 386 3526 legere
404 3446 468 3518 est,
489 3455 560 3526 quae
575 3454 658 3526 opus
671 3431 736 3500 hoc
755 3433 913 3524 scriptum
932 3453 1002 3499 esse
1019 3426 1184 3515 clamant,
1198 3445 1270 3524 'quo

217 3547 367 3629 tempore
388 3538 562 3632 Pompeius
583 3551 616 3609 et
639 3538 750 3606 Caesar
768 3535 842 3638 plus
863 3547 1029 3629 poterant,
1050 3559 1148 3628 quam
1169 3533 1269 3606 libera

216 3639 252 3707 in
274 3639 440 3736 republica
462 3643 637 3738 expediret.
664 3645 713 3710 Ea
738 3642 917 3710 Lambinus
937 3640 1008 3710 loca
1031 3642 1213 3734 congessit,
1234 3655 1272 3712 ut

218 3745 299 3817 nihil
314 3750 450 3818 attineat
464 3747 518 3818 illa
534 3747 589 3818 hic
608 3733 789 3846 reponerel.
800 3749 871 3820 Nec
887 3745 978 3817 libris
992 3747 1059 3818 istis
1073 3745 1114 3816 de
1127 3748 1215 3815 Viris
1234 3745 1272 3818 il·

261 3949 286 4002 3.
306 3949 342 4008 Et
359 3967 430 4006 nunc
444 3962 530 4004 tamen
546 3960 673 4020 repugnat
687 3947 721 4002 G.
767 3947 863 4002 traduto
886 3957 1078 4002 commuremente
1105 3945 1132 3998 di
1160 3944 1271 3998 Cornelio

219 4027 264 4082 Fr.
279 4027 365 4085 Rinek
379 4041 435 4084 toto
450 4029 536 4082 libro:
549 4027 642 4098 Saggio
655 4029 681 4080 dr'
692 4046 724 4082 aa
768 4025 1009 4098 Nepotevenetiis,
1027 4023 1109 4078 1818.
1127 4023 1271 4096 Respondit

220 4107 310 4162 Erant
320 4111 401 4160 critico
408 4128 453 4178 per
462 4111 580 4162 meterem
592 4107 626 4160 ad
634 4107 725 4158 Emito
768 4123 832 4160 vero
846 4105 920 4158 loele
939 4103 1034 4158 Kohen
1050 4121 1057 4156 τ
1077 4102 1272 4158 Comiderorr'om'

219 4185 301 4244 Prota
313 4187 333 4239 il
343 4185 416 4248 thro.
431 4187 470 4244 De
483 4187 536 4244 vite
548 4187 637 4242 excell.
651 4187 726 4262 imp..
769 4186 808 4240 rui
819 4183 925 4258 Saggio,
944 4195 993 4238 ate.
1007 4179 1171 4250 Mediolani,
1187 4185 1270 4254 1819·
