3284 5150
385 541 461 628 246
656 543 923 612 CORNELII
951 543 1183 612 NEPOTIS
1256 550 1272 564 “

437 687 516 754 XII.
540 687 625 774 Quae
645 684 725 754 dum
741 685 775 752 in
791 687 869 754 Asia
882 701 1061 780 geruntur,
1080 684 1200 754 accidit
1221 709 1338 776 casu,
1367 705 1414 759 ut
1439 691 1489 760 le·

384 793 452 887 gati
471 793 593 862 Prusiae
608 794 724 862 Rome
735 790 823 887 apud
840 793 877 860 L.
893 793 1070 880 Quintium
1086 789 1318 862 Flamininum
1343 821 1488 867 consu-

386 897 488 968 larem
507 913 696 986 ooenarent,
713 913 812 992 atque
827 897 888 986 ihi,
908 897 949 966 de
963 897 1147 967 Hannibale
1159 901 1347 970 mentione
1366 903 1490 990 sacta,

386 1030 427 1073 ex
443 1006 495 1074 his
513 1031 598 1075 unus
616 1005 758 1093 diceret,
776 1029 851 1072 eum
869 1005 902 1072 in
916 1005 1039 1074 Prusiae
1053 1029 1157 1100 regno
1169 1007 1315 1076 esse.1d
1329 1025 1487 1104 postero

386 1112 439 1180 die
450 1111 651 1182 Flamininus
663 1113 789 1181 senatui
798 1109 916 1180 detulit
925 1109 944 1179 ¹.
958 1112 1072 1180 Patres
1080 1113 1259 1206 conscripti
1271 1167 1283 1198 ,
1294 1118 1364 1208 qui
1377 1119 1487 1185 Han-

386 1218 494 1288 nibale
506 1221 582 1288 vivo
594 1217 604 1243 ²
619 1241 789 1312 nunquam
802 1242 836 1288 se
845 1218 914 1287 sine
923 1217 1047 1286 insidiis
1061 1217 1190 1287 futuros
1200 1221 1485 1312 existimabant,

387 1325 512 1421 legatos
530 1327 565 1393 in
577 1325 764 1419 Bithyniam
781 1326 960 1443 miserunt,
983 1325 1018 1392 in
1032 1324 1082 1392 his
1100 1322 1359 1416 Flamininum,
1381 1332 1446 1424 qui
1464 1353 1486 1398 a

386 1458 465 1528 rege
488 1447 661 1529 peterent,
685 1457 727 1500 ne
753 1431 1013 1500 inimicissimum
1038 1455 1134 1500 suurn
1157 1455 1271 1501 secum
1304 1433 1483 1522 haberet,

390 1539 515 1634 sibique
531 1537 675 1668 dederet.
699 1539 758 1606 His
777 1539 907 1606 Prusias
926 1561 1047 1632 negare
1067 1561 1165 1606 ausus
1188 1561 1255 1607 non
1274 1555 1369 1610 est:
1395 1489 1483 1610 illud

389 1629 587 1732 recusavit³‚
606 1671 648 1714 ne
666 1643 728 1714 ida
741 1669 775 1712 se
790 1643 859 1711 fieri
882 1644 1102 1739 postularent,
1121 1644 1211 1738 quod
1226 1644 1435 1717 adversus
1422 1673 1481 1741 Jus

390 1751 523 1847 hospitii
538 1766 642 1820 esset:
635 1752 738 1845 .ipsi,
757 1752 784 1818 si
798 1764 950 1845 possent,
964 1750 1315 1846 comprehenderent;
1334 1753 1479 1842 locum,

391 1857 449 1927 uhi
475 1872 575 1944 esset,
593 1856 688 1926 facile
713 1858 914 1926 inventuros.
936 1855 1100 1926 Hannibal
1124 1859 1211 1926 enim
1238 1883 1314 1928 uuo
1336 1857 1421 1930 loco
1442 1885 1480 1930 sc

391 1963 526 2032 tenebat
542 1964 575 2032 in
591 1949 756 2050 rastellol,
771 1963 860 2058 quod
874 1965 905 2032 ei
924 1965 966 2033 ab
980 1989 1057 2059 rege
1072 1964 1186 2033 datum
1209 1980 1284 2033 erat
1302 1969 1447 2036 muneri
1466 1992 1476 2053 ;

391 2069 536 2164 idque
511 2095 558 2140 src
579 2069 774 2156 aedilicarat,
797 2085 834 2138 ut
852 2072 886 2138 in
905 2071 1058 2140 omnibus
1077 2072 1225 2166 partibus
1243 2072 1390 2144 aedificii
1410 2073 1477 2141 exi-

393 2191 464 2246 tum
479 2177 540 2246 sibi
562 2176 699 2246 haberet
705 2202 862 2271 ,semper
884 2201 1020 2264 verens,
1042 2203 1084 2245 ne
1105 2202 1166 2246 usu
1184 2179 1361 2267 eveniret,
1377 2177 1474 2274 quod

391 2282 521 2353 accidit.
537 2285 613 2352 Huc
630 2308 732 2378 quum
744 2283 841 2378 legati
854 2231 1102 2353 Romanoiurn⁵
1118 2285 1308 2374 venissent,
1326 2311 1370 2355 ac
1384 2283 1472 2354 mul·

390 2389 529 2459 titudine
543 2387 724 2459 domum
696 2415 766 2483 ejus
781 2390 1074 2460 circumdedissent
1083 2415 1191 2484 ,puer
1203 2390 1271 2458 ah
1258 2415 1373 2485 Janua
1389 2415 1470 2488 pro·

392 2497 533 2590 spiciens
561 2495 740 2566 Hannibali
760 2496 867 2584 dixit,
898 2496 1009 2592 plures
1038 2511 1158 2592 praeter
1182 2499 1470 2567 consuetudinem

392 2618 538 2674 armatos
553 2627 721 2698 apparere.
743 2603 811 2692 Qui
828 2605 1003 2698 imperavit
1023 2606 1067 2688 ei,
1088 2617 1126 2671 ut
1143 2629 1258 2673 omnes
1281 2605 1377 2674 fores
1397 2603 1471 2674 aedi-

395 2823 496 2895 quippe
508 2839 567 2893 quar
584 2835 611 2876 et
630 2823 777 2894 equitatum
793 2821 905 2890 amplec·
947 2821 1039 2876 scribit
1064 2822 1231 2876 Plutarchus.
1253 2856 1298 2866 —
1320 2824 1412 2878 Facile
1429 2827 1467 2874 in·

396 2914 493 2956 tantur.
509 2903 608 2956 Confer
621 2902 650 2954 in
665 2902 782 2972 Agesilao
793 2941 801 2966 ,
813 2901 849 2954 ΙΙ.
949 2915 1064 2954 venturos.
1080 2902 1179 2974 Supple
1188 2900 1298 2970 dicens,
1308 2903 1464 2975 subjiciens

450 2981 514 3035 Car.
543 2981 606 3034 XII.
637 2999 661 3033 ι.
684 2982 786 3034 Senatui
810 2981 903 3035 detulit.
989 2988 1014 3044 4,
1036 2983 1067 3034 In
1084 2983 1190 3037 castello.
1210 2983 1354 3054 Libyssam
1368 2992 1464 3036 vocant

398 3062 511 3134 Sepius,
525 3059 558 3113 ad
571 3072 689 3112 senatum
702 3061 810 3114 referre.
947 3059 1104 3114 Plutarchus
1117 3063 1145 3114 in
1155 3063 1317 3128 Flaminino,
1324 3061 1463 3135 cmxx,

441 3161 467 3196 s.
491 3141 543 3209 Qui
559 3139 699 3192 Hannibale
711 3144 775 3192 visu.
793 3140 905 3193 Romani
948 3141 1061 3212 aliique,
1086 3153 1112 3194 et
1130 3142 1172 3194 vel
1193 3141 1348 3213 regionem,
1365 3141 1406 3194 vel
1422 3139 1462 3190 vi·

398 3218 595 3284 Hannibalern,
615 3219 690 3272 annis
704 3220 765 3272 licet
783 3232 809 3272 et
824 3220 905 3274 exilio
948 3239 1023 3287 cum,
1043 3221 1084 3274 vel
1103 3222 1238 3274 castellum
1259 3221 1400 3298 Bithyniae
1424 3220 1462 3271 l'a·

399 3299 527 3363 l'ractum,
544 3317 595 3370 pro
615 3299 676 3370 igne
698 3299 842 3360 habebant,
861 3300 906 3353 cui
948 3300 1031 3354 ciunt.
1045 3301 1149 3354 Nomen
1162 3301 1313 3374 aLihysso,
1325 3299 1461 3370 Bithynii!

400 3381 500 3432 abesset
510 3378 593 3443 nibil,
610 3377 663 3432 nisi
676 3379 723 3449 qui
734 3399 794 3432 eum
808 3380 905 3432 excita·
949 3379 1046 3443 fluvio,
1057 3379 1133 3434 ducit
1151 3382 1264 3454 Appian.
1282 3383 1312 3434 in
1328 3379 1458 3452 Syriacis,

397 3473 446 3513 ret.
462 3459 531 3514 Plus.
546 3457 709 3524 Flaminino,
724 3477 747 3511 c.
761 3460 904 3513 XXXVII.
949 3459 1014 3533 Cap.
1032 3463 1079 3514 Xl.
1104 3463 1165 3514 Tas.
1180 3463 1348 3514 -Err'uon
1362 3457 1461 3512 ItaLi·

399 3572 439 3583 -
454 3539 506 3608 Qui
514 3558 530 3589 a
543 3557 597 3608 rege
605 3550 660 3609 pere
647 3551 720 3592 amnt
732 3539 789 3592 Alia
800 3538 834 3592 de
847 3559 907 3592 cau·
948 3541 1007 3592 vius
1019 3553 1045 3593 et
1060 3541 1216 3594 Plutarchus
1229 3551 1388 3594 memorant

397 3619 571 3674 saeomissoa
582 3618 906 3690 Hannibalemibidepre·
991 3622 1016 3673 5.
1037 3621 1300 3691 Leputillomsaoram
1313 3623 1458 3688 lnrerquos

398 3699 521 3754 hendisse
530 3698 637 3752 tradunt
646 3699 905 3752 PlutarchusmFlr
947 3699 1071 3772 princeps
1087 3703 1196 3766 eratQ.
1207 3701 1395 3760 Flamininus,
1413 3691 1457 3763 φὶ

400 3782 502 3832 minino
513 3799 595 3851 ,.cap
615 3781 690 3844 XX,
705 3793 731 3833 et
754 3781 905 3852 Appianum
949 3777 1455 3848 [ιιοιιιιιιὶιίΙὶοιιιιιιιινίιιιιιιιίιιιίἰειιῑῐῐίι

399 3859 656 3933 derebussyriacis,
661 3879 718 3932 cap.
728 3862 775 3913 XI
784 3859 906 3914 Aliicum
948 3879 1044 3932 parum
1061 3862 1161 3913 senatui
1179 3873 1205 3914 et
1227 3861 1305 3914 bonis
1325 3851 1454 3944 probavit

398 3955 489 3994 nostro
504 3941 680 3995 consentiunt
694 3943 844 3995 Tsscaucr.
949 3929 1107 3994 Plutarchus
1125 3941 1256 3994 Flamin.-
1249 3939 1411 4013 ,appianus
1427 3947 1453 3981 1¹¹

445 4021 470 4073 3.
498 4022 565 4072 illud
582 4041 662 4073 recusa
665 4025 705 4075 rit.
733 4021 815 4075 Paulo
831 4021 907 4073 nliter
950 4020 1127 4090 Syn-Puer.
1134 4021 1229 4074 Servus
1238 3978 1455 4092 irspudgracoa

398 4099 506 4164 Livium
527 4100 646 4154 Prusiam
667 4121 718 4172 pro
740 4102 859 4173 supplice
880 4111 907 4152 et
950 4104 1019 4160 παῖς.
1039 4100 1141 4154 Gallice
1168 4102 1248 4154 etiam
1273 4101 1324 4154 tale
1349 4093 1452 4150 verbum

399 4178 538 4244 familiari,
551 4178 599 4232 sed
620 4181 718 4234 trustra
736 4180 906 4252 deprecatum
950 4199 1000 4251 pro
1023 4199 1101 4234 serre
1127 4180 1263 4234 interdum
1291 4184 1450 4247 usurptmffi·
