3282 5156
406 453 479 526 302
679 413 951 520 coenem
980 453 1212 523 aarorrs

463 606 479 642 α
498 573 661 645 Hannibal
677 598 773 660 vero,
790 599 893 670 quum
912 572 1054 668 reliquos
1070 577 1196 644 minimi
1218 575 1357 664 faceret,
1368 579 1465 646 Mar-

404 682 523 754 cellum
547 680 700 752 cecidisse
724 679 852 762 audito,
875 681 944 774 ipse
963 680 1006 750 ad
1028 679 1139 751 locum
1167 683 1310 752 accurrit
1329 709 1339 770 ;
1362 683 1462 752 cada-

404 791 539 883 verique
556 789 730 874 assistens,
752 785 873 880 diuque
893 789 1040 881 corporis
1058 788 1204 856 roburet
1226 787 1368 858 formam
1390 815 1466 858 con-

405 894 597 989 templatus,
619 891 921 988 nerpresuperbam
939 891 1040 962 ullam
1066 895 1173 963 emisit
1194 918 1333 984 vocem,
1355 921 1464 990 neque

406 1000 498 1070 vultu
520 1000 663 1069 letitiam
677 991 735 1086 (ut
752 1012 1009 1068 consentaneum
1024 1013 1095 1068 erat
1115 1025 1192 1068 eum
1205 1053 1215 1088 ,
1230 1002 1287 1094 qui
1308 1015 1376 1070 tarn
1391 1027 1463 1071 nio-

406 1109 524 1178 lestum
541 1121 575 1175 et
593 1128 727 1202 gravem
744 1103 873 1174 hostem
892 1099 1126 1194 interfecisset)
1144 1130 1214 1201 pra
1232 1131 1266 1175 se
1287 1105 1386 1196 tulit;
1404 1109 1463 1177 sed

405 1215 610 1309 inopinatum
631 1213 693 1278 viri
703 1211 826 1280 exitum
840 1211 993 1296 miratus,
1009 1211 1168 1280 annulum
1180 1213 1211 1280 ei
1225 1211 1373 1300 abstulit,
1388 1239 1464 1284 cor-

406 1345 467 1416 pus
474 1319 574 1413 digno
583 1317 696 1386 habitu
703 1330 869 1403 ornatum,
880 1316 1287 1412 vestibusquedecentibus
1294 1321 1464 1411 amictum,

405 1426 565 1496 cremarit
576 1450 587 1510 3
600 1422 752 1516 reliquias
769 1424 802 1490 in
821 1447 938 1491 urnam
957 1437 1147 1518 argenteam
1165 1422 1279 1512 lectas,
1296 1449 1396 1496 aurea
1408 1451 1463 1496 su-

406 1530 576 1628 peraddita
595 1553 737 1616 corona,
756 1528 798 1597 ad
819 1527 923 1598 filium
944 1532 1040 1599 misit.
1059 1529 1123 1600 Sed
1139 1529 1272 1624 quidam
1289 1532 1464 1620 Numidae,

406 1663 509 1732 quum
531 1639 564 1704 in
586 1635 727 1703 serentes
748 1659 788 1702 ea
807 1635 1009 1723 incidissent,
1030 1636 1174 1706 adimere
1194 1638 1227 1705 vi
1243 1640 1352 1706 conati
1366 1655 1460 1706 sunt:

405 1743 467 1812 illis
489 1740 739 1828 reluctantibus,
760 1764 799 1810 ae
821 1743 887 1810 vim
910 1745 943 1810 vi
964 1741 1215 1838 repellentibus,
1236 1767 1310 1812 ossa
1328 1743 1460 1838 disjecta

405 1864 492 1919 sunt.

464 1985 481 2020 >a
508 1950 686 2040 Hannibal,
707 1952 772 2021 hoc
792 1953 922 2040 audito,
945 1953 986 2021 ad
1009 1979 1082 2043 eos,
1099 1955 1156 2049 qni
1177 1953 1330 2042 aderant,
1347 1955 1460 2046 Nihil,

407 2062 527 2154 inquit,
539 2059 652 2152 utique
666 2060 738 2128 Diis
756 2061 864 2128 invitis
881 2059 957 2128 fieri
974 2075 1083 2155 potest
1094 2087 1104 2148 ;
1114 2077 1311 2156 sumptoque
1324 2061 1366 2131 de
1386 2065 1461 2130 Nu·

407 2166 502 2236 midis
532 2164 716 2259 supplicio,
743 2164 865 2234 nullam
894 2179 1052 2260 praeterea
1080 2166 1120 2235 de
1149 2167 1297 2237 Marcelli
1319 2167 1460 2262 reliquiis

407 2270 596 2367 colligendis
627 2295 741 2340 curam
768 2272 899 2358 babuit;
925 2274 1044 2366 utqui
1068 2274 1132 2341 Dei
1162 2272 1298 2367 alicujus
1327 2277 1460 2344 numine

407 2377 567 2448 Marcello
584 2378 673 2446 hunc
687 2379 811 2446 exitum
829 2380 921 2466 vitia,
939 2393 973 2447 et
994 2377 1170 2473 sepulture
1184 2381 1401 2474 privationem
1416 2383 1460 2450 ita

406 2500 526 2582 preter
546 2485 693 2552 omnium
713 2485 901 2579 opinionem
924 2487 1070 2554 evenisse
1095 2485 1254 2554 crederet.
1277 2489 1356 2556 llaec
1373 2489 1461 2558 Cor»

407 2590 511 2661 nelius
532 2594 644 2684 Nepos
662 2605 695 2658 et
712 2588 861 2660 Valerius
877 2591 1043 2660 Maximus
1057 2606 1202 2659 narrant.
1220 2593 1332 2662 Livius
1347 2607 1381 2661 et
1394 2595 1460 2662 Au·

407 2712 521 2794 gustus
543 2699 671 2784 Caesar,
702 2696 860 2790 perlatam
881 2695 924 2764 ad
948 2695 1052 2766 filium
1082 2695 1232 2766 Marcelli
1260 2721 1401 2786 umaro,
1429 2715 1462 2768 et

406 2803 587 2890 honorilice
604 2800 746 2897 sepultas
764 2803 834 2896 ejus
847 2801 1012 2896 reliquias,
1033 2803 1218 2897 perhibent.
1245 2833 1262 2870 a
1283 2805 1458 2876 Plutarch.

404 2917 440 2980 in
462 2907 618 2979 Maacell.
637 2933 715 3004 cap.
740 2905 800 2978 30.

459 3015 601 3100 Ἀννίβαν
617 3007 652 3081 δὲ
665 3014 859 3108 Μάρκελλος,
879 3022 918 3093 ὡς
933 3016 986 3106 μὲν
1005 3015 1032 3082 οἱ
1051 3016 1120 3108 περὶ
1133 3017 1286 3101 Πολύβιον
1303 3019 1459 3111 λέγουσιν,

407 3115 478 3190 οὐδὲ
505 3115 588 3198 ἅπαξ
611 3119 753 3194 ἐνίκησεν·
782 3122 850 3188 ἀλλ’
873 3121 1028 3199 ἀήττητος
1059 3121 1132 3214 ἀνὴρ
1160 3114 1244 3190 δοκεῖ
1271 3115 1459 3218 διαγενέσθαι

407 3230 495 3320 μέχρι
512 3225 687 3304 Σκιπίωνος.
711 3210 805 3318 Ἡμεῖς
825 3218 860 3292 dl
883 3227 996 3314 Λιβίῳ,
1015 3225 1148 3320 Καίσαρι
1171 3228 1222 3296 καὶ
1242 3229 1384 3317 Νέπωτι,
1407 3228 1457 3296 καὶ

406 3341 467 3400 τῶν
482 3319 656 3405 Ελληνικῶν
675 3339 721 3418 τῷ
746 3335 867 3416 βασιλεῖ
888 3318 965 3422 Ῐόβᾳ
984 3335 1165 3426 cte-adopta,
1183 3339 1281 3414 ἥττας
1303 3333 1387 3414 τινὰς
1407 3335 1458 3402 καὶ

407 3435 523 3533 τροπὰς
537 3438 595 3506 ὑπὸ
610 3439 791 3531 Μαρκέλλου
807 3447 868 3506 τῶν
880 3441 933 3506 σὺν
947 3425 1090 3530 Ἀννίβᾳ3
1102 3439 1247 3534 γενέσθαι.

461 3575 477 3608 a
520 3543 738 3612 Hannibalem
774 3544 968 3632 Marcellus,
996 3560 1034 3614 ut
1063 3545 1216 3638 Polybius
1245 3560 1378 3632 narrat,
1417 3571 1459 3615 ne

404 3649 504 3722 semel
531 3650 662 3744 quidem
691 3652 785 3737 vicit,
807 3651 863 3721 sed
891 3654 1032 3721 invictus
1057 3651 1111 3721 hic
1135 3653 1186 3721 vir
1211 3653 1309 3722 fuisse
1330 3651 1459 3722 videtur

403 3783 507 3852 usque
539 3757 581 3826 ad
608 3759 805 3852 Scipionem.
834 3761 907 3828 Nos
934 3773 1045 3826 autem
1074 3760 1185 3844 Livio,
1207 3773 1240 3830 et
1261 3761 1397 3846 Casan,
1425 3773 1459 3827 et

403 3866 545 3959 Nepoti,
566 3879 658 3933 etex
682 3865 806 3934 Graecis
832 3864 1046 3960 scriptoribus
1067 3865 1137 3958 regi
1157 3853 1253 3934 lubae
1277 3863 1457 3952 credimus,

443 4050 469 4102 3.
488 4053 542 4100 Τῶν
556 4067 598 4100 eoa
609 4038 710 4118 levata.
735 4046 835 4100 Mirum
855 4045 906 4099 boc
950 4047 978 4098 in
992 4045 1154 4111 Hannibale,
1167 4065 1223 4118 cap.
1241 4047 1267 4099 V
1278 4059 1305 4100 et
1318 4047 1371 4108 Vl,
1385 4047 1457 4100 bunc

399 4129 532 4200 aMepote
551 4126 696 4197 seriptum,
712 4145 794 4198 quum
814 4145 907 4198 snpra,
950 4127 1134 4198 imperatorem
1153 4127 1279 4182 insistunt
1295 4127 1379 4182 ficui.
1395 4126 1457 4180 aon.
