3284 5150
619 512 856 580 ATTICUS.
1193 512 1267 608 269

206 631 286 702 nihil
306 633 344 702 iis
364 629 501 724 indulsit
514 632 557 703 nd
573 633 752 702 Antonium
772 631 979 719 violandum3
998 632 1056 702 sed
1068 659 1087 704 e
1101 639 1268 707 contrario

205 737 430 808 familiares
403 761 489 831 epus,
517 763 557 807 ex
583 739 665 808 urbe
687 739 927 834 profugientes,
953 755 1114 834 quantum
1143 744 1267 834 potuit,

206 845 304 973 texit,
324 843 444 938 quibus
464 844 563 914 rebus
583 843 809 939 indiguerunt,
825 845 959 939 adjuvit.
978 847 1013 914 P
1033 871 1112 914 vero
1124 846 1264 918 Volum-

207 935 282 1018 nio⁵
291 973 331 1017 ea
339 949 473 1024 tribuit
492 965 530 1020 ut
544 947 667 1046 pluraa
682 966 819 1045 parente
833 949 997 1045 proficisci
1011 975 1078 1019 non
1088 956 1264 1071 potuerint.

207 1057 276 1150 lpsi
298 1069 409 1124 autem
427 1059 453 1123 F
454 1055 565 1142 luvrae,
579 1079 682 1150 quum
702 1057 814 1126 litibus
833 1055 1059 1146 distineretur,
1077 1061 1266 1154 magnisque

208 1159 389 1230 terroribus
407 1175 600 1246 vexaretur,
617 1175 709 1232 tanta
725 1161 892 1256 diligentia
909 1162 1055 1232 officium
1074 1189 1169 1232 suum
1189 1191 1267 1259 prae

209 1269 311 1354 stitit,
334 1281 371 1335 ut
398 1266 524 1336 ιιιιΙΙιιιιι
550 1265 605 1336 illa
629 1270 747 1337 stiterit
774 1253 1019 1337 vadimonium⁶
1043 1271 1112 1338 sine
1134 1271 1268 1351 Atticm

209 1374 263 1443 hie
282 1397 421 1467 sponsor
434 1375 581 1442 omnium
594 1397 709 1442 rernm
728 1374 834 1442 fuerit.
850 1375 940 1462 Quin
958 1375 1055 1442 etiam
1066 1399 1195 1469 ,quum
1212 1373 1267 1446 illa

209 1477 349 1548 fundum
372 1478 515 1548 secunda
537 1477 690 1548 fortuna⁷
720 1482 850 1550 emisset
871 1481 904 1548 io
931 1478 1040 1566 diem,
1067 1505 1173 1575 neque
1193 1498 1268 1576 post

209 1583 426 1654 calamitatem
438 1609 607 1654 versuram
623 1583 731 1654 facere
743 1587 923 1680 potuisset,
941 1585 1040 1654 illese
1053 1587 1268 1682 interposuit,

210 1692 448 1786 pecuniamque
472 1693 541 1760 sine
572 1690 717 1778 loenore,
743 1693 876 1785 sineque
903 1689 970 1759 ulla
1001 1691 1210 1786 stipulatione
1237 1694 1268 1762 ei

210 1795 367 1884 credidit,
385 1798 565 1866 maximum
588 1798 775 1867 existimans
796 1811 972 1891 quaestnm,
993 1822 1174 1868 memorem
1195 1823 1264 1894 gra·

210 1917 346 1997 tumque
366 1904 538 1996 cognosci,
557 1900 717 2021 simulque
736 1906 881 1998 aperire,
899 1927 933 1970 se
952 1928 1019 1972 non
1036 1903 1192 1990 fortunae,
1213 1906 1268 1976 sed

211 2007 400 2078 bominibus
413 2007 516 2078 solere
530 2010 766 2078 esseamieum.
783 2012 866 2097 Quae
882 2033 983 2128 quum
998 2009 1153 2097 faciebat,
1172 2037 1270 2082 nemo

211 2139 287 2183 eum
311 2116 468 2235 temporis
493 2137 593 2183 eausa
601 2100 749 2184 'tacere
770 2129 899 2210 poterat
916 2116 1110 2184 existimare.
1138 2119 1271 2186 Nemini

212 2222 345 2290 enimin
360 2222 547 2314 opinionem
564 2220 750 2307 veniebat⁹,
761 2221 941 2290 Antonium
951 2245 1060 2288 rerum
1077 2224 1270 2315 potiturum.

209 2325 275 2395 Sed
296 2325 447 2396 sensim¹⁰
462 2328 488 2394 is
507 2325 706 2395 anonnullis
723 2325 938 2421 optimatibus
950 2327 1270 2420 reprehendebatur,

207 2431 300 2526 quod
322 2457 439 2527 parum
458 2433 565 2502 odisse
587 2430 690 2502 malos
711 2434 799 2500 cives
820 2431 997 2512 videretur.
1015 2430 1073 2500 Ille
1091 2447 1201 2502 autem
1219 2437 1270 2503 sui

208 2538 338 2631 judicii,
352 2540 461 2633 potius
476 2539 555 2633 quid
573 2563 607 2607 se
625 2539 734 2608 facere
749 2562 810 2632 par
831 2551 932 2624 esset,
950 2537 1153 2625 intuebatur,
1171 2565 1269 2634 quam

209 2643 292 2737 quid
309 2642 363 2712 alii
383 2643 546 2714 laudaturi
561 2642 677 2714 forent.

266 2752 308 2818 X.
330 2753 499 2820 Conversa
520 2749 629 2819 subito
648 2750 780 2820 fortuna
795 2765 853 2818 est.
874 2751 923 2818 Ut
940 2753 1104 2820 Antonius
1125 2750 1221 2820 rediit
1238 2756 1271 2820 in

211 2855 364 2943 Italiam,
381 2881 480 2926 nemo
498 2881 565 2926 non
583 2881 705 2952 magno
732 2859 766 2924 in
788 2855 935 2950 periculo
955 2858 1101 2926 Atticum
1123 2857 1270 2927 futurum

212 2976 358 3056 putarat,
372 2977 509 3057 propter
518 2964 665 3031 intimam
680 2961 931 3032 familiaritatem
942 2963 1110 3034 Ciceronis
1122 2977 1156 3032 et
1170 2967 1271 3032 Bruti.

255 3147 281 3200 ⁵.
304 3147 443 3200 Volumnio.
473 3147 500 3198 la
519 3148 589 3200 inter
611 3149 720 3201 Antonii
764 3147 825 3199 lieet
833 3147 860 3198 in
870 3158 967 3198 certam
976 3145 1055 3200 diem
1064 3147 1166 3200 -Sine
1168 3151 1269 3216 fratrom

215 3225 431 3280 familiarissimos
443 3239 498 3278 erat
509 3227 576 3298 ,qui
589 3241 615 3280 et
624 3227 721 3280 Entra
764 3247 859 3298 saneque
870 3226 920 3277 ulla
935 3227 1096 3296 stipulatione.
1126 3226 1160 3280 Id
1168 3239 1219 3294 est
1232 3247 1273 3281 re·
1309 3243 1313 3252 '

213 3301 440 3375 pelusdicebatur,
451 3306 721 3377 prolectusiabrurn,
763 3319 835 3358 mota
852 3305 925 3357 omui
937 3324 1016 3386 qsura
1037 3307 1200 3380 solemnique
1213 3327 1274 3380 pro·

214 3381 249 3436 de
265 3401 318 3455 quo
336 3385 421 3439 Cicer.
440 3385 524 3455 Epist.
543 3389 598 3448 ιδ,
609 3386 656 3440 lib.
671 3387 720 3439 lx,
767 3385 901 3438 missione.

213 3461 351 3516 Counrrn.
806 3468 832 3519 8.
855 3465 977 3555 Temporis
994 3485 1074 3518 coroa.
1096 3465 1134 3518 Ut
1159 3467 1272 3538 tempori

255 3546 282 3597 6.
305 3543 339 3594 tn
353 3543 443 3596 ιιιιΙΙιιιιι
457 3543 500 3595 ida
513 3547 601 3596 stiterit
611 3545 722 3598 vadimo-
765 3543 919 3609 inserviret,
942 3545 1107 3616 fortuneque
1124 3545 1225 3600 vicibus
1245 3564 1272 3600 te

213 3625 287 3676 ιιῖιιιιι.
298 3623 335 3676 Ut
346 3642 498 3696 nunquam,
522 3621 634 3677 vadibus
644 3623 722 3689 datie,
766 3621 984 3677 accommodaret.
996 3623 1056 3676 Τιι.

212 3703 392 3774 comparuerit
400 3703 428 3755 in
436 3701 545 3773 iudicio.
557 3735 598 3747 --
608 3703 721 3776 Sponsor.
814 3722 840 3772 9.
862 3703 960 3754 Nemini
973 3706 1070 3754 enimin
1083 3705 1214 3772 opinionem
1228 3723 1272 3754 ue·

212 3783 316 3834 Atticus
331 3783 430 3854 ubique
447 3781 528 3835 fidem
549 3802 623 3837 suam
640 3786 722 3837 inter·
766 3782 854 3834 nubat.
891 3781 1064 3834 Ciceroniana
1096 3780 1204 3834 locutio.
1233 3783 1273 3835 Ite

214 3863 311 3932 possut
767 3861 884 3932 Philipp.
899 3859 940 3923 11,
959 3863 1009 3913 162
1029 3887 1039 3906 ι
1049 3858 1103 3923 Qui
1118 3861 1184 3913 istuc
1197 3863 1270 3916 venit

255 3959 280 4010 7.
308 3940 418 3994 Secrmdo
428 3941 541 4007 fortuna.
567 3941 607 3992 Ita
623 3953 723 3994 veteres
767 3941 817 3992 tibi
831 3942 859 3991 in
875 3937 1032 3990 mentem?-

214 4017 466 4074 lrabenteditiones:
479 4019 723 4088 uncosigitur,hic
812 4038 855 4072 10.
881 4017 981 4072 sanim.
1008 4018 1156 4084 Paulatim,
1177 4021 1231 4090 vel,
1250 4023 1272 4076 si

215 4099 294 4170 vulgo
311 4101 463 4172 appositos,
489 4111 604 4152 remotos
629 4099 723 4152 malui·
768 4117 829 4152 cnm
837 4098 1001 4170 Heusingero
1009 4099 1092 4164 malis,
1101 4100 1178 4165 clam,
1187 4103 1271 4154 tacite.

217 4194 285 4229 nius.
307 4211 338 4221 -
363 4179 391 4232 In
409 4179 480 4232 diem.
497 4177 659 4232 solvendum
673 4179 722 4232 sci·
769 4179 950 4245 Aliter,sensnr
963 4177 1273 4251 tynnsequimuredpr.
