3212 5118
356 555 425 622 AD
453 551 778 622 CORNELIUM
805 551 1068 654 NEPOTEM.
1172 549 1245 648 373

189 689 265 740 Rom.
278 680 324 736 sed
339 682 459 752 pluribus
471 682 535 736 locis
549 682 583 732 ab
598 679 656 734 aliis
669 679 830 734 editionibus
845 677 1050 750 discrepantem,
1061 679 1186 747 inseruit,
1200 683 1248 734 ali-

189 765 251 819 cubi
272 775 298 816 et
313 765 474 832 conjecturas
494 779 551 814 suas
567 758 720 830 adscripsit,
747 759 819 812 bunc
835 759 858 810 ei
875 759 982 812 titulum
999 761 1170 832 proscripsit,
1187 763 1215 812 V
1213 765 1249 814 ita

190 844 271 898 Murci
282 840 396 902 Cosmi,
411 862 441 894 ex
453 839 563 894 Cornelio
573 839 665 910 Nepote
673 839 703 894 de
712 843 772 891 cs‘ris
784 837 921 892 ditantibus.
939 839 1089 910 Utcumque
1101 840 1260 906 sit,verisi··
1349 850 1354 857 '

190 923 278 976 milius
287 935 337 987 est,
347 940 404 974 eam
412 940 443 974 ex
453 921 536 974 altero
545 919 656 991 Nepotis
665 920 736 975 libro
746 938 816 985 ease,
826 921 912 990 cajus,
922 937 1009 982 anat,
1024 918 1067 984 1³,
1079 921 1247 988 i,meminit,
1278 943 1281 950 ⁴
1302 954 1306 964 .
1343 917 1344 922 ’

190 1020 286 1073 quam,
301 998 373 1072 quod
386 999 494 1054 Sclmtto
506 1000 615 1072 aliisque
626 999 725 1064 risum,
737 999 912 1072 fragmentum
925 1017 979 1054 esse
987 997 1246 1068 veliteruensium

189 1081 267 1146 libri,
279 1099 370 1151 quem,
385 1099 441 1152 cap.
455 1081 482 1147 ³,
501 1079 526 1144 5,
539 1077 573 1133 de
584 1080 685 1132 Catone
699 1080 916 1149 sepurutimsscisse
926 1098 954 1140 se
965 1078 1014 1143 ait3
1029 1097 1091 1130 nam
1104 1076 1132 1130 id
1148 1098 1182 1131 ne
1194 1097 1249 1132 cre·

190 1159 295 1225 mmm,
310 1178 339 1213 ea
352 1159 408 1230 ipsa
418 1161 498 1213 verba
509 1158 617 1212 iaciunt.
634 1159 700 1224 Quis
706 1159 778 1212 enim
790 1159 818 1212 in
829 1159 974 1230 fragmento
985 1169 1031 1214 aut
1040 1158 1249 1227 isussprseuieat

190 1241 278 1312 operis
303 1241 413 1310 alicujus
433 1257 551 1310 unquam
569 1257 636 1310 opus
657 1240 759 1310 ipsum,
784 1253 908 1310 tanquam
931 1237 1086 1301 diversum,
1108 1235 1248 1293 laudarit?

189 1319 251 1372 Non
264 1319 417 1390 repugnabo
433 1331 535 1384 tamen,
561 1319 583 1372 si
598 1319 657 1390 quis
670 1338 731 1372 eum
750 1319 845 1372 Vossio
864 1327 900 1388 τῷ
911 1320 976 1371 πάνυ
990 1317 1131 1370 verisimile
1147 1329 1250 1370 remeat

189 1399 365 1470 fragmentum
377 1418 432 1454 esse
447 1419 478 1452 ex
492 1417 572 1470 opere
585 1399 616 1450 de
628 1400 744 1452 tisorias
757 1399 866 1460 Lutiru's,¹
880 1417 961 1470 quum
972 1397 1005 1450 de
1016 1397 1132 1456 historiis
1142 1396 1249 1450 Catonis

190 1489 243 1530 tam
258 1478 384 1550 explicate
401 1493 472 1550 agat,
488 1479 638 1532 orationum
657 1491 744 1532 autern
759 1491 785 1531 et
797 1497 885 1530 rerum
902 1497 965 1550 pace
980 1477 1103 1548 belloque
1119 1489 1249 1548 gestarum

189 1557 274 1610 solum
287 1559 359 1611 velut
373 1558 459 1612 obiter
473 1558 635 1612 mentionem
649 1558 735 1612 iaciat.
750 1558 846 1614 Betim.

229 1691 359 1758 Arrrcus,
367 1709 393 1760 p.
406 1691 565 1756 assonam
572 1689 643 1742 varie
653 1690 681 1743 in
689 1687 769 1742 codd.
777 1701 803 1742 et
813 1689 948 1742 nonnullis
958 1688 1020 1743 edd.
1032 1687 1189 1742 inscribatur
1200 1689 1249 1740 ele-

189 1771 353 1840 gantissimus
362 1771 405 1822 hic
414 1770 680 1841 libellus‚cognosces
692 1789 723 1822 ex
732 1769 802 1822 liosii
812 1780 874 1822 nota
886 1781 911 1821 et
923 1769 1008 1823 Fisclt.
1019 1765 1107 1822 libello
1122 1769 1158 1820 V.
1166 1767 1197 1820 L.
1208 1768 1251 1819 Er

191 1850 252 1900 ir‘bm
270 1848 374 1902 Cornelii
389 1849 488 1922 Nepotis
501 1849 530 1901 de
549 1851 642 1901 Latinis
661 1851 781 1918 historicis
793 1849 820 1900 in
836 1845 896 1902 cod.
913 1849 1001 1902 Gilan.
1018 1847 1061 1901 cui
1077 1845 1176 1900 accedit
1191 1844 1251 1898 cod.

191 1927 355 2001 Guelferbyt.
377 1923 409 1991 (a
423 1931 480 1983 tac.
493 1927 567 1982 Frid.
582 1929 744 2000 Heusingero
757 1941 845 1982 curate
865 1925 1031 2000 descriptus)
1048 1927 1091 1980 Er
1104 1927 1164 1978 iiiro
1177 1925 1249 1977 Com.

192 2009 254 2079 Nep.
266 2010 295 2060 de
306 2009 361 2061 Lot.
372 2009 496 2061 historicis.
511 2009 599 2080 Incipit
612 2013 664 2059 vito
674 2009 761 2060 Attici.
772 2009 836 2072 Qute
846 2007 983 2078 inscriptio
993 2007 1139 2078 Schlegelio
1146 2007 1173 2058 in
1182 2003 1250 2058 Add.

191 2099 217 2139 et
229 2089 325 2158 corrig.
339 2085 400 2139 ideo
416 2089 560 2158 probabilis
576 2099 628 2151 est,
642 2087 704 2158 qnia
719 2086 814 2156 scripta
827 2087 906 2139 Attici
921 2087 1046 2140 historica
1064 2087 1124 2138 satis
1138 2085 1224 2156 ample
1237 2105 1251 2136 a

191 2167 316 2219 Cornelio
336 2177 521 2236 exponuntur,
542 2183 626 2236 eoque
651 2177 773 2216 retractat
790 2165 959 2229 sententiam,
975 2177 1035 2235 pag.
1055 2165 1086 2217 13
1103 2166 1251 2235 prolatam,

192 2246 271 2298 vitam
288 2245 428 2314 Pomponii
442 2243 523 2296 Attici
537 2261 592 2295 non
611 2261 666 2296 esse
687 2243 737 2296 nisi
751 2255 853 2314 partem
870 2244 1019 2296 Corneliani
1039 2244 1126 2313 operis
1139 2245 1179 2296 De
1190 2247 1251 2294 ciris

192 2323 332 2385 illustribru,
348 2323 474 2390 aGellio,
487 2341 532 2398 pr,
549 2341 573 2376 c.
589 2325 615 2388 8,
630 2321 739 2393 perlecti
754 2335 780 2374 et
792 2322 873 2375 citati.
885 2319 960 2374 ldern
976 2321 1135 2391 Schlegelius
1146 2322 1174 2374 in
1188 2321 1250 2374 diss.

157 2430 160 2436 v
191 2421 236 2454 sua
250 2401 356 2456 doctiss.
371 2421 468 2474 capu,
481 2421 541 2474 pag.
559 2405 593 2457 28
612 2421 670 2474 sqq.
686 2415 799 2472 quatuor
812 2399 1003 2473 antiquissimas
1012 2412 1038 2452 et
1050 2398 1192 2454 rarissimas
1208 2399 1250 2454 ed.

191 2482 251 2534 vitae
261 2483 341 2535 Attici
355 2482 444 2536 ebibi.
453 2481 595 2534 Thottiana
608 2481 739 2534 recensuit
755 2475 800 2542 (cx
816 2481 911 2552 quibus
926 2480 1042 2554 suppleri
1057 2492 1179 2550 possunt,
1193 2499 1251 2552 qusc

192 2562 283 2632 scripsi
295 2559 327 2614 ad
337 2561 450 2614 Fabricii
461 2562 493 2614 B.
502 2561 688 2630 Gr.vol.V.p.
702 2578 753 2612 aot
767 2555 834 2632 sq.);
850 2573 875 2612 et
890 2579 920 2612 ex
932 2559 1066 2632 antiquiss.
1083 2557 1125 2610 ed.
1134 2578 1158 2612 a.
1168 2565 1251 2628 1470,

191 2659 249 2711 qum
264 2641 330 2694 vitas
344 2640 479 2694 Plutarchi
493 2641 610 2710 parallel.
624 2641 737 2710 aliasque
750 2656 757 2702 ς
774 2639 802 2690 in
815 2639 856 2690 lris
872 2640 998 2710 Proponii
1013 2639 1101 2700 Attici,
1121 2651 1166 2690 aut
1181 2651 1210 2691 nt
1223 2640 1250 2692 in

192 2720 274 2772 altero
290 2720 410 2790 exemplo
426 2721 556 2783 auctiore,
571 2738 598 2772 n.
613 2723 660 2788 49,
671 2718 844 2771 inscribitur:
860 2719 949 2789 incinit
965 2722 1018 2769 vita
1032 2719 1159 2788 Pomponii
1173 2719 1252 2770 Attici

190 2799 315 2852 clarissimi
328 2803 387 2860 uiri,
398 2819 410 2849 e
426 2799 513 2852 Groeco
525 2817 628 2850 sermone
642 2801 666 2848 iu
674 2799 785 2850 Latinior
793 2817 839 2868 per
850 2797 985 2850 Cornelium
993 2797 1106 2866 Nepotem
1118 2799 1250 2860 immisto,

191 2895 250 2950 pag.
263 2885 297 2942 it
314 2897 353 2949 sq.
370 2879 452 2930 varias
466 2879 493 2930 in
508 2877 562 2930 vita
575 2878 656 2930 Attici
669 2875 792 2930 lectiones
808 2875 895 2939 dedit,
909 2889 936 2930 et
952 2875 1045 2948 adjecit
1058 2895 1128 2930 sarr.
1145 2876 1251 2930 lection.

190 2976 222 3010 ex
236 2959 356 3010 iensonii
371 2956 435 3010 edit.
450 2976 511 3028 epp.
525 2956 660 3010 Ciceronis
672 2954 705 3008 ad
719 2957 850 3013 Atticum,
867 2963 956 3026 1470,
969 2956 1013 3009 cui
1031 2974 1131 3010 annexa
1147 2969 1184 3008 est
1198 2957 1251 3008 vira

191 3038 279 3092 Attici.
300 3037 350 3090 Sed
364 3038 412 3089 bas
424 3038 528 3108 plenius
545 3037 662 3089 exbiberi
681 3037 708 3087 in
720 3033 785 3088 edit.
798 3036 888 3088 Patav.
904 3036 1029 3108 Nepotis,
1053 3035 1201 3088 observavit
1217 3037 1252 3088 cl.

190 3117 350 3170 Tzscbucbe.
370 3118 408 3168 Ex
421 3117 567 3168 illisautem
579 3113 641 3168 edd.
650 3114 861 3186 apparet,vitam
874 3114 955 3168 Attici
966 3115 1105 3186 separatim
1118 3113 1253 3186 quondam

192 3209 217 3246 et
231 3207 291 3248 ante
304 3197 382 3248 luisse
390 3194 504 3260 editam,
516 3214 595 3268 quam
607 3196 778 3267 vulgarentur
790 3194 907 3265 relique.
919 3193 961 3246 Ad
975 3213 1068 3247 manus
1077 3213 1183 3267 quoque
1191 3207 1253 3248 sunt

193 3272 264 3337 dua,
279 3273 325 3326 sed
341 3273 449 3326 diversae
470 3273 532 3326 cdd.
552 3275 659 3328 Ernstii.
680 3275 776 3340 Prior,
793 3275 887 3345 inqua
907 3285 991 3328 textus
1011 3274 1092 3328 estin
1111 3275 1252 3346 particulas

193 3351 333 3416 dissectus,
356 3365 382 3404 et
404 3354 498 3424 cuique
515 3354 585 3423 parti
600 3367 660 3408 sunt
678 3367 748 3407 notae
765 3355 901 3422 subjecte,
915 3354 1041 3425 inscripta
1055 3365 1114 3406 est:
1137 3355 1198 3406 Vita
1220 3356 1251 3407 T.

193 3430 320 3500 Pomponii
331 3433 410 3482 Attici
425 3452 454 3482 ee
470 3431 580 3483 Cornelio
598 3433 701 3503 Nepote,
719 3445 835 3485 annotat.
850 3432 980 3486 emendat.
992 3433 1071 3486 variis
1081 3433 1252 3499 lectionibus,

191 3511 322 3563 observat.
332 3507 447 3582 deniqne
457 3528 518 3563 enm
535 3511 627 3564 ethicis
640 3507 650 3573 (
661 3511 727 3564 male
738 3531 861 3566 excusum
874 3525 913 3566 est
926 3509 1042 3572 etiuicis)
1051 3525 1108 3566 tum
1123 3513 1252 3583 politicis,

192 3591 220 3642 in
234 3607 311 3641 usum
324 3589 439 3642 nobiliss.
448 3591 593 3660 juventutis
606 3589 719 3644 academ.
732 3591 849 3656 Soranae,
862 3593 990 3646 illautrata
1004 3593 1036 3644 ab
1048 3591 1154 3644 Herriro
1165 3591 1250 3644 Erret.

192 3669 309 3735 llainioe,
328 3673 416 3737 1629.
435 3689 480 3723 rr.
495 3668 683 3733 Posterior,in
698 3689 748 3742 qna
762 3683 846 3726 textas
862 3685 900 3725 est
915 3677 1077 3743 perpetuus,
1091 3687 1170 3741 quem
1182 3670 1252 3722 erci-

192 3751 270 3821 piunt
280 3761 348 3802 note
355 3749 484 3802 notiores
492 3761 518 3802 et
525 3747 677 3821 diligentius
686 3751 803 3821 scriptas,
813 3753 892 3804 babet
905 3751 1103 3821 inscriptionem
1113 3767 1119 3800 :
1128 3749 1253 3818 Specaim

189 3830 324 3900 prudentie
341 3840 365 3879 et
375 3832 473 3880 uirtutis
483 3829 569 3890 civilis,
587 3831 611 3882 ia.
624 3849 645 3883 e.
658 3834 713 3882 cite
730 3831 759 3884 T.
772 3832 900 3901 Pomponii
910 3831 1000 3892 Attici,
1015 3833 1127 3898 scriptore
1142 3825 1252 3880 Corueb'o

192 3911 296 3980 Nepote,
318 3927 379 3962 carm
393 3909 479 3973 notis,
492 3908 679 3980 chronologia,
694 3910 818 3981 glossario
830 3922 857 3962 et
870 3909 1065 3962 nomenclatore
1076 3907 1178 3959 Henriei
1186 3908 1253 3959 Ern-

192 3992 240 4041 sui.
262 3988 377 4060 Adiectm
400 4001 462 4042 sunt
476 4001 550 4041 certo
569 3989 679 4042 consilio
696 4001 812 4042 annotat.
832 3988 967 4059 Citristopia.
991 3987 1151 4050 Heidrmmti,
1169 3987 1204 4040 V.
1220 3987 1251 4042 C.

195 4069 302 4122 bmstel.
318 4071 403 4139 1637,
425 4087 470 4123 aa.
490 4069 576 4140 Hujus
588 4087 693 4140 qnoque
705 4067 769 4122 edit.
782 4081 852 4122 note
866 4066 994 4120 differunt
1007 4063 1142 4119 interdum
1158 4065 1191 4120 ab
1206 4065 1250 4129 iis,

194 4162 258 4214 quas
267 4149 403 4215 Ernstius,
414 4151 520 4203 tertium
536 4151 624 4202 forsan
640 4146 800 4202 recensendo
813 4149 895 4202 vitam
907 4146 1004 4213 Attici,
1014 4145 1094 4198 modo
1107 4157 1253 4200 connectas

196 4223 276 4280 modo
288 4229 416 4284 auctiores
428 4230 536 4286 miserat
545 4225 641 4293 Bosio,
654 4243 680 4284 et
691 4247 754 4300 quas
767 4228 812 4282 bic
824 4247 877 4283 sues
892 4227 1003 4284 inseruit
1011 4225 1132 4282 editioni.
1142 4227 1251 4279 Harless.

998 4295 1068 4393 24³
