3284 5150
611 423 874 496 EUMENES.
907 439 915 446 '
1205 431 1274 528 195

212 571 328 644 rentur
343 579 351 625 τ
366 551 505 628 credens
531 556 658 626 minore
677 581 712 626 se
734 557 860 626 invidia
882 557 970 645 fore,
988 559 1015 628 si
1037 559 1144 656 specie
1167 563 1275 657 impe·

212 667 276 751 rii,
296 665 504 756 nominisque
526 663 732 734 simulatione
750 661 942 750 Alexandri,
965 663 1087 736 bellum
1110 667 1277 738 videretur

213 771 451 840 administrare.
465 769 566 856 Quod
582 783 615 838 et
633 769 719 840 lecit.
740 769 845 856 Nam,
858 795 961 864 quum
979 794 1046 840 non
1060 772 1103 842 ad
1118 776 1275 844 Eumenis

211 878 394 972 principia,
415 875 472 944 sed
486 873 528 944 ad
545 867 639 969 regia
657 877 908 962 conveniretur,
929 890 1028 970 atque
1046 879 1093 947 ibi
1114 879 1156 948 de
1177 881 1276 950 rebus‘

214 981 470 1067 deliberaretur,
498 980 744 1074 quodammodo
773 980 921 1070 latebat3
947 1007 1051 1076 quum
1076 999 1187 1054 tamen
1216 1013 1277 1082 per

213 1111 289 1158 eum
311 1111 415 1156 unum
438 1101 631 1181 gererentur
652 1111 773 1156 omnia.

266 1195 362 1263 Vlll.
379 1194 486 1261 Hicin
499 1194 671 1264 Paraetacis
682 1218 759 1276 cum
769 1195 937 1288 Antigono
953 1195 1114 1285 conflixit,
1126 1223 1194 1268 non
1206 1201 1276 1268 acie

211 1297 469 1386 instructa¹,scd
477 1301 801 1394 initinere3cumque
811 1299 1077 1396 maleacceptum
1086 1305 1120 1371 in
1129 1305 1274 1375 Mediam

212 1405 393 1476 hiematum
412 1407 521 1499 coegit
541 1404 658 1474 redire.
679 1406 756 1500 Ipse
773 1409 808 1475 in
825 1405 967 1476 finitima
986 1410 1120 1502 regione
1137 1412 1275 1482 Persidis

212 1511 393 1582 hiematum
421 1513 532 1606 copias
556 1511 682 1596 divisit,
709 1535 776 1580 non
798 1527 836 1581 ut
856 1511 980 1600 voluit,
996 1513 1053 1584 sed
1076 1530 1113 1584 ut
1134 1516 1275 1588 militum

212 1618 353 1712 cogebat
368 1616 529 1688 voluntas.
544 1620 696 1713 Namque
710 1615 765 1686 illa
780 1617 924 1712 phalanx
945 1617 1120 1690 Alexandri
1142 1626 1275 1719 Magni,

211 1749 285 1819 quar
306 1726 417 1793 Asiam
446 1738 657 1819 peragrarat,
680 1723 911 1818 deviceratque
934 1727 1072 1814 Persas,
1095 1730 1276 1800 inveterata

211 1855 314 1925 quum
333 1829 453 1925 gloria,
470 1844 541 1900 tum
563 1832 661 1899 etiam
683 1829 831 1917 licentia,
845 1855 914 1898 non
927 1855 1043 1925 parere
1060 1857 1094 1902 se
1114 1834 1273 1921 ducibus,

210 1937 267 2006 sed
280 1939 445 2031 imperare
463 1934 652 2031 postulabat
665 1961 673 2004 :
686 1950 724 2004 ut
736 1961 825 2005 nunc
840 1940 986 2006 veterani
1001 1937 1142 2010 iaciunt²
1158 1945 1271 2013 nostri.
1377 2023 1380 2028 Δ

208 2045 326 2137 Itaque
338 2041 529 2162 periculum
536 2057 601 2128 est,
609 2067 650 2112 nc
664 2043 786 2112 faciant
793 2042 903 2137 ,quod
917 2041 962 2112 illi
975 2043 1142 2133 fecerunt,
1152 2071 1210 2116 sua
1224 2051 1273 2118 in·

210 2151 428 2243 temperantia
451 2149 616 2243 nimiaque
638 2147 769 2218 licentia
782 2162 826 2278 3ιιι
845 2151 957 2218 omnia
981 2151 1140 2243 perdant,
1165 2178 1272 2248 noque

210 2256 320 2324 minus
331 2281 402 2340 eos,
414 2279 490 2324 cum
501 2255 619 2348 quibus
629 2239 793 2324 steterint³
796 2277 911 2347 ,quam
924 2254 1080 2326 adversus
1092 2283 1175 2350 quos
1186 2258 1271 2330 fece

209 2363 284 2432 rint.
294 2360 432 2450 Quodsi
443 2385 515 2455 quis
525 2359 656 2430 illorum
665 2375 897 2429 veteranorum
905 2359 994 2455 legat
1002 2361 1207 2458 facta,parra
1217 2365 1272 2436 ho·

208 2491 284 2537 rum
302 2480 483 2562 cognoscat
492 2493 502 2550 ς
518 2490 625 2561 neque
637 2491 707 2535 rem
718 2464 836 2553 ullam,
850 2467 911 2539 nisi
928 2481 1077 2562 tempus,
1090 2459 1270 2541 interesse⁴

207 2685 358 2780 gpalrantur
373 2683 406 2740 ad
422 2706 496 2753 eum,
511 2701 636 2781 rpnquatn
651 2686 718 2742 inle-
762 2685 1173 2764 niumrenrmperrirdeacceptre.
1180 2695 1267 2747 amis

208 2767 323 2832 riorem,
333 2765 470 2834 accedere,
483 2781 509 2821 et
522 2769 578 2842 ipre
587 2769 718 2822 Eumenen
762 2769 1266 2842 aeratenimAntigonurpedi10537003

208 2845 379 2900 erubescebat
409 2853 469 2899 ante
500 2847 618 2920 iprorur'n
649 2849 728 2902 fores
762 2848 909 2919 equitesil
895 2847 1084 2914 vulneratio·
1096 2865 1169 2904 erant
1177 2854 1265 2924 plures

208 2927 335 2999 conspici.
348 2926 417 2980 Plut.
428 2927 532 2980 Bonus.
542 2927 718 2980 -Mae'norese
760 2946 841 3000 quarn
856 2933 921 2991 4οο.
938 2926 989 2980 Sed
1004 2929 1096 2982 confer
1108 2923 1264 2986 Diodorum

209 3006 300 3060 invida
319 3008 386 3074 sore.
407 3005 535 3078 Supple'
525 3026 558 3060 ιιι
573 3007 607 3060 Se
630 3009 718 3062 minus
803 3027 828 3060 ι.
845 3007 1264 3075 Uenuncoeteranisucr'untuortm

209 3103 285 3157 pocae
299 3087 354 3158 peti
369 3084 477 3139 invidia.
759 3085 810 3139 Hic
828 3101 1013 3140 veteranorum
1033 3091 1115 3142 etatis
1132 3107 1184 3142 run
1199 3093 1266 3145 lero·

249 3165 313 3218 Car.
323 3166 401 3220 vm.
420 3184 443 3218 1.
459 3165 516 3219 Non
527 3167 579 3217 aeia
591 3169 715 3218 ιἰιιινιισιιι.
740 3212 744 3219 ,
759 3165 826 3220 ciam
835 3181 861 3220 et
867 3167 1033 3220 insolentiam
1044 3170 1140 3241 carpit,
1149 3170 1177 3222 in
1184 3189 1264 3243 quam

210 3244 292 3298 Acier
309 3245 359 3298 iter
381 3243 511 3298 conficere
532 3263 586 3297 non
612 3258 715 3318 potest,
759 3247 853 3300 acriter
880 3247 959 3300 etiam
989 3248 1124 3302 invehitur
1150 3251 1264 3318 Cicero,

210 3319 258 3376 aed
270 3343 361 3396 agmen
376 3337 403 3378 et
416 3323 505 3377 itineri
518 3335 544 3376 et
563 3325 654 3396 prelio
668 3343 715 3396 pa·
758 3324 874 3398 Philipp.
888 3327 928 3391 11,
942 3344 999 3398 cap.
1014 3329 1194 3401 5,multirqne
1208 3332 1264 3384 aliis

209 3415 306 3457 ratum.
317 3405 418 3469 Quare,
429 3416 458 3456 ut
472 3403 511 3455 rei
523 3403 623 3456 bellico
634 3403 716 3458 acleu-
758 3405 831 3459 locis.
848 3405 943 3460 Occiso
955 3407 1055 3478 quippe
1068 3409 1184 3475 Curare,
1197 3411 1263 3464 libe·

210 3481 274 3538 tiam
284 3483 311 3536 in
320 3483 438 3536 Eumene
445 3481 608 3536 demonstret
617 3483 715 3556 Nepos,
757 3485 813 3536 rim
828 3503 903 3555 agere
914 3499 940 3538 et
954 3488 1065 3558 grmeari
1081 3490 1198 3542 veterani
1210 3509 1262 3544 coe·

207 3559 245 3616 ita
269 3563 372 3634 agmine
392 3564 521 3616 instructo
548 3563 599 3615 iter
625 3562 715 3616 feriere
757 3576 864 3634 perant.

208 3643 261 3706 ait,
278 3656 307 3695 ut
323 3643 461 3695 victoriam
483 3655 535 3694 tam
554 3642 714 3695 luculentam
800 3642 826 3696 3.
841 3643 921 3715 Neque
944 3647 1020 3696 mirra
1042 3665 1093 3708 eor,
1108 3667 1159 3698 cam
1180 3649 1263 3720 quibus

207 3719 408 3790 retulerit,non
430 3741 502 3776 ucur
526 3740 555 3774 ac
571 3721 592 3775 ri
613 3739 714 3775 summa
756 3725 901 3775 steterint...
914 3721 1155 3795 Scilicpericulum
1168 3740 1215 3790 eat,
1229 3740 1263 3780 no

206 3799 337 3854 industria
350 3815 377 3854 et
389 3813 444 3854 arte
457 3801 484 3854 in
499 3815 592 3872 campo
607 3800 715 3855 rciedi-
757 3803 911 3868 cimoliam,
925 3821 1040 3874 quorum
1057 3806 1177 3874 partibus
1192 3806 1263 3860 lare·

206 3881 335 3934 mirarere.
350 3881 493 3935 Gratiano.
502 3880 618 3933 -Mao
630 3901 713 3953 accep·
756 3881 826 3947 rint,
835 3894 862 3935 et
871 3881 941 3941 illos
952 3880 1075 3934 adversus
1086 3903 1152 3955 quos
1164 3904 1263 3957 pugna·

206 3970 264 4014 tan.
282 3957 364 4014 Clade
379 3961 510 4040 allectum.
524 3960 580 4012 Cic.
593 3980 635 4033 ep.
651 3961 713 4014 farn.
757 3920 844 4016 verlirt
850 3957 1002 4032 ,perditum
1016 3975 1083 4015 eant.

207 4037 258 4105 xl,
275 4021 475 4114 13.·oopiolo
481 4058 544 4094 mere
557 4039 713 4120 inopinam·
798 4041 953 4105 Marmara
965 4041 1148 4095 Differentiam
1158 4044 1263 4101 habere.

989 4153 1055 4228 13²
