3246 5134
602 471 857 540 narinus.
918 508 923 520 -
1184 471 1253 568 139

197 601 393 697 abripiebat.
412 600 586 706 Datames,
601 586 661 671 etsi
672 601 769 696 longe
780 587 913 672 aberat³
925 603 967 671 ab
978 603 1029 672 bis
1044 605 1252 699 regionibus,

197 723 234 777 et
253 707 411 802 amajore
433 731 468 774 re
488 707 755 795 abstrahebatur,
774 723 884 776 tamen
906 710 991 803 regis
1007 708 1168 778 voluntati
1187 735 1253 778 mo

198 833 270 882 rem
289 811 470 908 gerendum
489 815 625 906 putavit.
646 816 761 908 Itaque
777 838 853 883 cum
875 817 1003 907 paucis,
1022 815 1171 884 sedunis
1192 814 1254 884 for·

201 919 305 1003 tibus,
332 943 450 987 navem
477 918 681 1005 conscendit,
707 920 911 1007 existimans,
938 919 970 988 id
1001 921 1089 1014 quod
1118 919 1252 1005 accidit,

201 1023 326 1094 facilius
342 1049 375 1092 se
389 1023 630 1118 imprudentem
649 1049 752 1118 parva
772 1049 872 1094 manu
886 1037 1136 1121 oppressurum,
1153 1049 1252 1118 quam

201 1131 540 1224 paratum,'quamvis
560 1153 680 1224 magno
703 1132 856 1200 exercitu.
877 1134 948 1200 Hac
967 1129 1093 1199 delatus
1114 1131 1147 1196 in
1170 1127 1249 1198 Cili-

201 1237 300 1321 ciam,
312 1259 460 1328 egressus
473 1234 568 1322 inde,
583 1234 653 1304 dies
667 1223 866 1330 noctesque⁴
879 1237 942 1305 iter
953 1235 1095 1322 faciens,
1106 1238 1251 1303 Taurum

202 1343 331 1427 transit,
350 1365 472 1434 eoque,
488 1365 554 1434 quo
571 1340 755 1428 studuerat,
777 1343 888 1412 venit:
911 1343 1044 1436 quasit,
1063 1333 1180 1436 quibus
1200 1338 1251 1408 lo-

201 1448 245 1515 cis
263 1448 305 1515 sit
317 1449 433 1540 Aspis:
455 1449 625 1540 cognoscit
645 1447 733 1515 haud
747 1446 843 1542 louge
858 1447 985 1534 abesse,
1002 1446 1257 1541 profectumque·

201 1575 274 1620 eum
287 1567 461 1638 venatum3
474 1575 572 1646 quem
588 1553 667 1621 dum
678 1552 886 1647 speculatur,
898 1553 1058 1622 adventus
1071 1553 1140 1645 ejus
1153 1575 1252 1622 causa

200 1660 418 1753 cognoscitur.
438 1656 563 1727 Pisidas
578 1683 655 1727 cum
671 1659 723 1744 iis,
740 1683 823 1752 quos
836 1682 947 1727 secum
962 1659 1126 1743 habebat,
1143 1658 1184 1726 ad
1200 1681 1251 1726 re·

200 1762 380 1832 sistendum
392 1763 488 1856 Aspis
505 1778 683 1858 comparat.
699 1763 740 1832 Id
753 1767 911 1833 Datames
923 1763 981 1832 ubi
999 1764 1141 1849 audivit,
1159 1787 1251 1831 arma

200 1871 313 1955 sumit,
331 1892 472 1962 suosque
490 1870 580 1962 sequi
597 1869 715 1962 jub'et:
738 1871 806 1964 ipse
827 1893 914 1964 equo
933 1870 1097 1939 concitato
1117 1867 1159 1936 ad
1174 1868 1250 1963 bos·

199 1987 265 2043 tem
285 1974 424 2043 vehitur.
444 1976 554 2063 Quem
571 1973 687 2069 procul
706 1976 1024 2070 Aspis'conspiciens
1038 1974 1079 2044 ad
1096 1999 1130 2043 se
1145 1973 1250 2043 feren·

199 2093 265 2147 tem
275 2065 298 2166 ⁵,
325 2081 542 2175 pertimescit,
562 2094 659 2174 atque
682 2103 702 2148 a
723 2096 844 2152 conatu
866 2081 1036 2150 resistendi
1056 2080 1250 2164 deterritus,

200 2209 268 2254 sese
284 2185 382 2254 dedit.
406 2188 504 2256 Hunc
525 2188 681 2256 Datames
703 2188 851 2256 vinctum
874 2186 915 2254 ad
933 2207 1044 2280 regem
1062 2184 1248 2254 ducendum

200 2290 299 2358 naen
316 2276 528 2361 uitandam.

202 2431 205 2440 .
250 2398 291 2464 V.
323 2399 402 2465 llaec
429 2397 507 2465 dum
539 2411 716 2491 geruntur,
740 2397 935 2466 Artaxerxes
963 2398 1174 2467 reminiscens
1187 2395 1247 2483 ’,ει

198 2515 321 2594 quanto
346 2500 431 2570 bello
465 2501 506 2571 ad
532 2521 631 2596 vam
655 2525 793 2596 parvam
818 2528 887 2571 rem
916 2504 1096 2597 principem
1126 2503 1246 2572 ducum

195 2608 349 2692 misisset3
371 2633 405 2676 se
432 2611 500 2702 ipse
522 2607 755 2701 reprehendit,
777 2623 810 2677 et
833 2610 984 2676 nuntium
1006 2609 1048 2677 ad
1070 2611 1246 2678 exercitum

195 2713 286 2781 Acen
305 2715 408 2799 misit,
429 2713 519 2806 quod
540 2714 687 2782 nondum
703 2716 877 2783 Datamem
893 2713 1077 2808 profectum
1096 2713 1248 2807 putabat,

196 2922 350 2992 palabatur,
364 2923 558 2977 incursionibus
569 2942 598 2977 ac
613 2922 700 2997 direp·
742 2935 804 2979 um.
817 2923 869 2978 Hie
881 2937 968 2978 autem
977 2925 1092 2978 activum
1104 2943 1154 2996 pro
1169 2923 1248 2995 passi·

197 3000 313 3054 tionibus
335 3003 450 3074 graviter
479 3003 632 3068 infestabat,
660 3003 700 3056 uti
742 3021 777 3055 vo
792 3003 909 3074 ponitur.
918 3001 988 3057 Vide
997 3002 1170 3069 Vossium,de
1179 3005 1247 3056 Aua·

197 3081 335 3152 sapissime
356 3081 474 3153 loquitur
496 3082 605 3148 Cicero,
625 3094 650 3135 et
671 3083 698 3135 iu
742 3082 889 3154 logia,111,
904 3085 930 3137 3.
1019 3119 1020 3122 =

197 3158 288 3229 primis
300 3161 599 3232 Casan-Abripiebst.
616 3163 700 3215 Inter·
782 3167 808 3216 6.
832 3162 977 3216 Mithridati.
999 3162 1182 3216 Ariobarzanis
1206 3181 1245 3214 sa-

196 3238 320 3308 cipiebat,
334 3239 510 3310 prodebatur.
741 3253 822 3312 trapa
838 3241 907 3306 lilio,
924 3259 1022 3312 aquo,
1041 3255 1071 3294 ut
1086 3242 1154 3294 infra
1170 3239 1243 3294 vide·

237 3317 408 3388 sauuage
415 3319 505 3372 abent.
519 3319 621 3391 Nempe
627 3340 700 3374 exer·
741 3319 828 3380 bitur,
841 3321 926 3392 capite
935 3321 1044 3386 ultimo,
1056 3340 1105 3393 per
1125 3319 1245 3374 fraudem

194 3396 262 3448 citus
274 3395 397 3449 advenas
412 3399 549 3470 AEgyptios
561 3401 699 3454 contrabe-
741 3397 870 3452 occiditur
882 3401 1010 3452 Datames.

194 3475 288 3528 bum.
304 3478 380 3541 Ace,
401 3495 446 3530 seu
476 3477 636 3532 Ptolemaide
670 3479 698 3530 ia
782 3477 846 3532 en.
871 3479 906 3531 V.
934 3497 957 3532 ι.
985 3481 1152 3531 Remim'scens.
1182 3479 1244 3530 Post

195 3551 412 3621 Pammene
423 3569 512 3627 postea
521 3557 636 3610 incursio
646 3558 698 3610 lac·
740 3556 838 3610 laetum
869 3557 1044 3630 perpendens.
1058 3559 1243 3626 -Principem

194 3645 221 3684 ta
234 3642 272 3684 est
286 3635 314 3686 iu
329 3637 482 3706 AEgyptum.
497 3634 568 3689 Vide
587 3634 698 3689 Diodor.
741 3633 834 3688 discum
843 3637 1007 3708 Praecipuum
1020 3656 1052 3690 ex
1062 3634 1174 3690 dulcibus
1180 3635 1242 3687 suis.

194 3709 255 3776 XV,
271 3714 401 3775 kam-A
419 3717 509 3784 majore
531 3735 564 3768 re.
582 3718 606 3767 Α
628 3715 699 3768 bello
741 3713 824 3766 —Se
846 3720 894 3785 ipss
917 3716 1073 3786 reprehendit.
1089 3715 1241 3784 Eleganter,

194 3791 571 3862 qupfiuquodtautostudio
580 3795 697 3866 parabat.
741 3804 770 3846 ut
782 3793 847 3845 solet
858 3806 959 3858 noster,
970 3813 1020 3864 pro
1034 3813 1059 3844 ee
1074 3797 1148 3862 ineam
1164 3812 1241 3862 repra-

241 3876 267 3932 4.
303 3871 363 3923 Dies
387 3885 518 3944 noctesqru.
552 3875 592 3925 lta
618 3872 697 3926 etiam
741 3871 1244 3925 banditsuususcilicetdamuavitcon-

192 3947 345 4018 Sallustius,
366 3967 414 4004 nec
444 3970 498 4004 noa
524 3952 575 4004 alii.
602 3952 696 4006 Rarius
740 3949 962 4004 silium—Acen.
978 3950 1118 4004 Pboeuluia
1132 3949 1240 4008 civitas,

191 4027 241 4078 dies
255 4031 432 4101 postponitur.
739 4045 797 4098 qua
807 4043 897 4100 postea
909 4031 1050 4084 Ptolemais
1057 4028 1241 4083 dicta-Pro-

237 4108 261 4158 5.
278 4108 323 4158 Ad
334 4128 359 4160 se
366 4111 490 4174 serentem.
508 4107 539 4162 ld
552 4123 603 4175 est,
617 4128 695 4170 ruen-
734 4108 832 4173 sectum,
848 4107 889 4162 Ad
904 4107 1116 4181 persequendum
1125 4109 1226 4178 Aspim.
