3282 5156
403 551 477 623 300
672 549 940 620 CORNELII
972 551 1203 620 NEPOTIS

400 685 499 752 nariis
520 695 654 750 centum
674 681 825 765 venibau
842 706 905 752 neo
924 681 1030 752 multo
1054 697 1130 777 post
1148 681 1248 750 rubra
1266 683 1458 754 Tarentina.

401 793 486 858 Huic
516 789 670 856 successit
696 777 859 882 dibapha⁴
885 791 1002 882 Tyria,
1029 813 1101 882 quae
1129 790 1161 856 in
1189 787 1287 858 libras
1314 789 1459 861 denariis

400 894 488 964 mille
506 920 574 963 non
590 908 721 989 poterat
738 896 811 964 emi.
832 897 903 962 Hae
925 897 959 962 P.
979 893 1140 964 Lentulus
1161 895 1337 988 Spinther,
1354 896 1459 966 aedilis

399 999 534 1089 curulis,
550 1003 675 1095 primus
692 1003 725 1068 in
744 1014 901 1095 praetexta
918 1024 995 1068 usus
1012 1001 1280 1093 improbabatur:
1293 1026 1358 1094 qua
1373 1029 1457 1096 pur-

399 1133 482 1202 pura
500 1109 572 1200 quis
593 1132 661 1175 non
679 1107 762 1200 jam,
784 1106 904 1200 inquit,
924 1093 1135 1175 tricliniaria⁵
1153 1105 1249 1174 lacit?
1272 1107 1359 1176 Plu
1377 1113 1453 1194 IX,

405 1237 446 1308 17
464 1229 498 1280 et
521 1211 581 1308 39.

452 1305 646 1412 Onyclrem⁵
658 1320 756 1387 etiam
770 1332 839 1386 tum
852 1320 886 1386 in
899 1317 1026 1386 Arabiae
1040 1318 1227 1404 montibus,
1241 1343 1302 1387 neo
1314 1343 1453 1413 usquam

400 1423 500 1494 aliubi
516 1477 524 1512 ‚
544 1427 632 1493 nasci
650 1440 811 1518 putavere
830 1425 932 1492 nostri
948 1439 1091 1508 veteres;
1107 1409 1258 1493 Sudines⁶
1273 1425 1305 1492 in
1320 1427 1456 1494 Germa·

398 1533 467 1618 nia,
489 1533 625 1624 potoriis
642 1532 727 1600 vasis
748 1531 825 1598 inde
847 1530 940 1598 factis
959 1531 1122 1624 primum,
1140 1530 1215 1598 tlein
1229 1529 1367 1624 pedibus
1383 1531 1452 1600 leo·

399 1651 507 1704 torum
524 1635 681 1729 sellisque.
696 1635 868 1705 Cornelius
882 1637 994 1730 Nepos
1005 1635 1124 1720 tradit,
1142 1660 1263 1730 magno
1278 1636 1377 1705 fuisse
1391 1639 1451 1705 mi-

400 1741 528 1828 raculo,
542 1767 643 1836 quum
655 1745 689 1810 P.
705 1740 864 1810 Lentulus
878 1742 1034 1835 Spinther
1048 1741 1225 1835 amphoras
1239 1745 1279 1810 ex'
1288 1767 1329 1811 eo
1344 1757 1378 1812 et
1392 1769 1447 1812 ur·

398 1873 474 1917 ceos
486 1847 709 1942 magnitudine
722 1848 880 1916 cadorum
894 1848 1187 1942 ostendisset;post
1193 1849 1449 1942 quinquennium

398 1953 532 2042 deinde,
549 1956 683 2048 triginta
699 1954 841 2022 duorum
857 1953 977 2047 pedum
995 1953 1198 2049 longitudine
1215 1953 1385 2024 columnas
1398 1957 1451 2022 vi·

399 2059 484 2128 disse
502 2085 546 2130 se.
566 2061 715 2147 Plr'ru'us,
737 2064 912 2146 XXXVI,
932 2085 964 2154 7.

452 2169 512 2234 IX.
528 2166 637 2244 Νέπως
648 2158 683 2234 δὲ
694 2169 862 2260 Κορνηλιος
872 2165 893 2249 ¹,
902 2169 959 2257 οὐχ
973 2168 1030 2233 ιὐπὸ
1042 2166 1272 2261 γήρως,ρησὶν,
1282 2157 1451 2234 οὖθὲνθσου

399 2267 591 2366 παραλλάξαι
614 2275 666 2340 τὸν
690 2275 896 2357 Λούκουλλον,
914 2271 993 2339 ἀλλὰ
1018 2273 1186 2364 φαρμάκοις
1208 2273 1267 2340 ὑπό
1290 2297 1371 2350 τινος
1389 2283 1450 2340 τῶν

398 2378 599 2470 ἀπελευθέρων
612 2377 831 2456 Καλλισθένους
842 2369 1054 2470 διαφθαρέντα·
1071 2386 1112 2444 τὰ
1127 2370 1317 2471 θεράρριισια
1327 2369 1451 2452 δοθῆναι

397 2485 470 2576 μὲν,
488 2491 527 2562 ὡς
541 2486 688 2578 ἀγαπῷτο
708 2489 823 2575 μοΐλλον
847 2491 862 2551 ὁ
882 2483 1085 2562 Καλλισθένης
1102 2487 1153 2550 ὑπ’
1173 2489 1286 2570 αὐτοῦ,
1305 2487 1449 2558 τοιαύτην

396 2593 473 2681 ἔχειν
489 2583 640 2658 δοκοῦντα
654 2593 709 2664 τὴν
726 2582 864 2680 δύναμιν·
889 2593 1016 2667 έκςῆσοιι
1030 2581 1065 2656 δὲ
1079 2591 1130 2657 καὶ
1147 2591 1318 2657 καταλύσαι
1329 2592 1382 2658 τὸν
1394 2598 1451 2658 λο-

395 2699 523 2791 γισμὸν,
542 2698 617 2763 ὥστ’
635 2699 682 2764 ἔτι
697 2691 809 2775 ζῶντος
821 2700 915 2762 αὐτοῦ
929 2699 984 2768 τὴν
993 2695 1094 2762 οὐσίαν
1105 2687 1226 2763 διοικεῖν
1242 2697 1295 2763 τὸν
1305 2688 1448 2786 ἀδελφόν.

454 2831 471 2866 r
487 2801 659 2872 Cornelius
674 2804 788 2897 Nepos
797 2803 844 2870 nit
856 2855 865 2889 ‚
878 2826 944 2870 non
960 2803 1061 2888 senio,
1072 2826 1178 2895 neque
1188 2801 1306 2870 morbo
1313 2801 1452 2870 alienata

400 3048 493 3100 hiricae
513 3087 520 3114 ,
544 3065 603 3118 quse
628 3047 771 3119 puniceum
798 3065 903 3100 succum
949 3048 995 3100 Est
1013 3048 1092 3100 etiam
1108 3066 1181 3119 onyx
1201 3049 1339 3100 marmoris
1358 3067 1452 3119 genus,

399 3125 736 3180 ernittehat.llideeumdem
743 3127 908 3190 Salmasium'
949 3127 976 3180 in
989 3127 1122 3180 montibus
1131 3127 1232 3180 Arabim
1246 3129 1379 3198 precipue
1393 3147 1452 3180 uas-

400 3207 551 3258 lucocitato.
559 3204 634 3258 Adde
642 3207 903 3270 OctauFerrarium,
947 3226 1021 3271 cens,
1031 3220 1120 3277 postea
1128 3208 1207 3262 etiem
1219 3208 1246 3260 iu
1260 3207 1400 3260 Gennrnir
1410 3209 1451 3260 ir·

400 3284 433 3338 dr
448 3287 485 3338 Re
499 3286 634 3348 vestiaria,
645 3287 793 3357 precipue,
806 3289 848 3351 ΙΙ,
861 3305 886 3355 7.
946 3289 1164 3339 ventumhuetor
1174 3285 1243 3338 idem
1252 3287 1454 3355 Phuxxxvl,

441 3372 465 3427 4,
474 3365 594 3431 Dr'haplm.
602 3365 730 3436 Purpura,
738 3384 797 3437 qum
804 3367 844 3418 his
852 3366 904 3417 tin·
949 3369 1029 3436 7et8.
1039 3365 1077 3418 Ex
1087 3366 1274 3418 hocmormore
1279 3367 1378 3419 fiebant
1386 3367 1450 3420 olim

400 3445 519 3515 gebatur.
528 3445 725 3515 Magistratuum
735 3447 825 3512 restis3
835 3443 904 3499 nude
947 3446 1295 3517 pretiosissimapavimentag
1304 3445 1376 3498 unde
1383 3447 1453 3498 Μιτ-

400 3525 456 3577 Cic.
471 3522 592 3576 adhttic.
605 3525 673 3593 11‚9
686 3545 691 3579 :
706 3527 825 3578 «Vatinii
839 3538 905 3579 stru·
948 3525 1028 3588 tialis,
1043 3526 1111 3592 XII,
1130 3527 1185 3578 50:

400 3623 468 3656 mam
484 3603 620 3658 sacefflolll
637 3601 735 3676 διςέφῳ
751 3607 871 3658 vestiant,
890 3632 901 3652 .
947 3608 1074 3661 Calcatusque
1084 3618 1118 3648 tuo
1129 3609 1165 3648 ns
1174 3609 1223 3662 pede
1233 3608 1285 3648 turer
1299 3623 1359 3663 onyx.
1377 3607 1452 3648 coen.

442 3687 467 3738 5.
482 3685 757 3752 Triclr'nlarr'asucr't.1d
768 3699 819 3750 est,
829 3703 905 3738 accu-
989 3703 1015 3753 7.
1026 3683 1136 3736 Sudines.
1146 3685 1230 3736 Vetus
1241 3683 1363 3756 scriptor,
1373 3701 1452 3754 quem

400 3765 606 3835 hitalia‚quibus
614 3765 674 3818 lecti
681 3765 905 3818 tricliniaresster·
948 3764 1045 3836 passim
1059 3775 1188 3816 memorat
1199 3763 1307 3816 Plinius.
1322 3763 1375 3816 Pro
1383 3763 1451 3816 Ger·

400 3858 508 3897 uuntur.
949 3843 1036 3895 mania
1050 3844 1094 3896 ulii
1111 3841 1242 3895 δανιιιαιιὶα
1253 3843 1351 3913 legunt.

441 3929 467 3978 6.
491 3924 620 3996 ΟιιγοΙιειιι.
647 3925 748 3976 Notum
763 3936 802 3976 est
818 3922 904 3974 omni·
988 3923 1051 3975 Cir.
1066 3923 1115 3974 tx.
1131 3945 1153 3974 1.
1168 3917 1451 3992 Νέπαςθὶλορνολιος,

399 4004 449 4056 hus
468 4005 599 4074 onychem
620 4023 675 4056 esse
696 4021 803 4072 gemma
818 4003 905 4071 cujus·
949 4015 996 4056 eto.
1010 4001 1065 4055 llao
1076 4001 1109 4054 de
1121 4021 1149 4054 re
1159 4002 1274 4054 conferri
1294 4001 1391 4054 utiliter
1402 4019 1451 4072 po·

400 4079 460 4133 dam
471 4102 565 4152 genus,
578 4082 688 4136 humani
702 4083 796 4152 unguis
804 4081 901 4136 cando·
948 4093 999 4135 test
1010 4081 1165 4135 Plutarchus
1186 4081 1215 4133 in
1233 4081 1339 4144 libello,
1354 4081 1397 4134 cui
1421 4081 1452 4132 ti·

399 4179 455 4214 rem
469 4163 612 4216 referentis.
641 4163 708 4216 Pliu.
721 4163 856 4225 XXXVI,
874 4162 899 4216 5.
951 4161 1043 4226 tulus,
1058 4163 1087 4214 El
1102 4159 1257 4232 πρισέυτέριρ
1273 4161 1435 4214 πολιτευτέον.
