3200 5120
383 552 450 618 DE
478 551 759 620 CORNELIO
785 554 1016 622 NEPOTE'
1142 580 1215 624 xxv

161 681 381 778 disciplinam,
400 687 525 751 Fronto
547 683 589 751 ad
606 708 782 777 pompam,
804 685 920 753 Cicero
939 685 979 754 ad
998 682 1213 778 eloquentiam

161 787 394 880 capessendam
417 791 490 858 usui
508 791 580 858 sint.
607 819 624 854 a

212 893 284 962 Alia
303 894 371 962 duo
389 894 572 988 fragmenta
590 920 608 962 e
633 897 701 964 MS.
721 895 929 965 Bibliothecae
950 896 1214 991 Guelferbytanae

160 997 264 1066 edidit
280 1000 331 1070 Cl.
356 1003 593 1095 Heusingerus,
608 1002 777 1096 Gymnasii
799 999 906 1071 Guell'.
928 1003 1064 1086 Hector,
1083 1003 1123 1071 ad
1144 1002 1212 1073 cal-

159 1127 234 1171 cem
250 1106 418 1175 Theodori
440 1107 480 1174 de
499 1109 629 1194 Matris,
651 1121 684 1175 et
705 1109 825 1201 Nepoti
843 1106 1028 1177 vindicavit.
1051 1110 1100 1175 Ea
1121 1135 1198 1203 repe

160 1210 203 1276 rit
221 1211 254 1276 in
276 1215 413 1306 antiquo
433 1212 514 1281 Cod.
534 1214 729 1281 Orationum
748 1212 1003 1307 Philippicarum
1025 1215 1213 1302 Ciceronis,

159 1317 193 1380 in
216 1317 311 1409 cujus
331 1321 436 1413 prima
458 1319 576 1412 pagina
602 1321 760 1413 scriptum
789 1331 838 1386 est
861 1321 973 1413 primo,
988 1316 1130 1411 elogium
1148 1318 1214 1389 elo-

158 1423 302 1512 quentiae
324 1425 492 1493 Ciceronis
508 1449 526 1492 e
541 1427 731 1511 Lactantio,
742 1425 936 1493 nominatim
950 1426 1134 1493 orationum
1144 1425 1215 1493 Phi-

160 1523 354 1619 lippicarum
367 1555 376 1615 3
388 1533 483 1623 cique
498 1530 680 1623 subjectum
694 1528 780 1598 aliud
795 1554 870 1598 cum
885 1529 949 1600 hoc
961 1528 1075 1598 titulo:
1094 1533 1213 1600 Corne·

159 1631 225 1698 lt'rar
242 1635 363 1728 Nepos
380 1641 415 1704 ia
433 1635 518 1704 libro
532 1635 576 1704 de
590 1637 757 1705 historicis
779 1639 919 1703 Latmia.
941 1639 1015 1703 Non
1036 1635 1214 1704 abhorrere

158 1735 230 1806 heo
254 1739 438 1834 fragmenta
466 1765 485 1808 a
507 1743 660 1834 Nepotis,
686 1755 744 1809 aut
769 1740 869 1809 seculi
889 1743 980 1809 istius
1004 1741 1214 1827 charactere,

158 1839 306 1936 disputat
324 1870 391 1914 non
407 1846 673 1940 improbabiliter.
689 1851 758 1915 Nec
775 1860 886 1914 tamen
897 1844 1034 1917 audeam
1051 1873 1112 1941 pro
1123 1861 1214 1916 certo

158 1945 283 2042 aliquid
303 1950 488 2020 decernere.
538 1963 539 1970 ’

419 2154 554 2259 Scripta
574 2151 705 2259 Nepoti
704 2163 809 2254 falso
823 2159 958 2232 tributa.

211 2366 240 2432 I.
263 2364 366 2433 Liber
386 2365 429 2434 de
451 2370 543 2434 Virri
569 2365 767 2451 illustribus,
786 2367 944 2460 incipiens
967 2391 986 2434 a
1012 2369 1116 2435 Proca
1136 2392 1212 2462 rege

159 2467 382 2559 Albanorum,
399 2496 466 2539 non
492 2485 541 2540 est
562 2472 717 2565 Nepotis,
737 2495 797 2540 nec
819 2471 913 2540 Plinii
934 2471 1084 2560 secundi,
1106 2497 1211 2566 neque

160 2575 279 2644 AEmilii
295 2576 411 2663 Probi,
432 2601 492 2645 nec
511 2579 675 2658 Suetonii,
702 2600 807 2668 neque
827 2579 958 2647 Asconii
980 2578 1128 2662 Pediani,
1149 2603 1209 2650 nec

160 2681 264 2750 Taciti
282 2681 437 2776 denique,
454 2681 510 2750 sed
525 2679 646 2749 Aurelii
662 2683 819 2768 Victoris,
833 2696 871 2749 ut
891 2685 924 2750 in
938 2687 1075 2751 Victore
1093 2683 1208 2751 dicam.

161 2787 285 2880 Saepius
305 2801 415 2855 minen
438 2788 498 2855 sub
521 2789 659 2881 Nepotis
679 2787 811 2855 nomine
832 2800 880 2854 est
902 2785 1023 2873 editus,
1046 2802 1078 2855 et
1103 2788 1209 2856 confi-

160 2890 347 2961 dentissime
372 2893 503 2985 quidem
529 2917 549 2960 a
573 2890 741 2987 Raphaele
767 2891 885 2986 Eglino
913 2893 1048 2978 Iconio,
1078 2893 1211 2984 Tiguri,

159 3021 247 3066 anno
272 2996 386 3083 1600,
401 2999 441 3082 8,
456 2999 521 3066 hoc
538 2998 633 3068 titulo
648 3023 656 3066 τ
669 3027 686 3062 ι(
702 2997 844 3066 Cornelii
856 2999 992 3092 Nepotis
1010 2997 1051 3066 de
1063 2999 1152 3066 Viris
1169 2996 1210 3066 il-

159 3101 316 3172 lustribus
336 3102 440 3191 liber,
465 3103 686 3172 additamento
709 3129 748 3172 ex
779 3105 874 3172 Msto
896 3118 1037 3190 auctus;
1071 3104 1209 3172 antehac

159 3207 289 3277 AEmilio
299 3209 424 3296 Probo,
435 3224 510 3304 post
523 3211 677 3278 Suetonio
693 3207 899 3301 Tranquillo,
912 3203 1090 3279 diutissime
1099 3211 1138 3277 C.
1151 3208 1210 3278 Pli-

159 3315 216 3382 nio
237 3314 370 3383 Caecilio
392 3315 553 3401 secundo,
575 3340 680 3409 nuper
699 3316 771 3383 Sex.
799 3313 930 3382 Aurelio
953 3315 1101 3401 Victori,
1121 3340 1209 3382 nunc

159 3416 284 3487 liberali
294 3443 393 3488 causa
406 3421 540 3490 ductori
557 3435 706 3489 assertus.
721 3450 738 3484 a
755 3419 916 3514 Equidem
925 3421 1094 3489 Victorem
1109 3443 1126 3488 e
1141 3423 1207 3488 Ne-

159 3526 248 3616 potis
263 3549 363 3619 opere
384 3525 424 3594 de
435 3527 523 3594 Viris
542 3525 719 3594 illustribus
737 3524 840 3594 multa
858 3527 891 3592 in
910 3525 997 3594 hunc
1011 3550 1106 3594 suum
1119 3523 1208 3594 libel·

159 3627 228 3698 lum
251 3629 431 3717 derivasse,
452 3629 590 3700 libenter
611 3632 690 3700 viris
702 3631 808 3700 doctis
822 3633 995 3715 assentiar;
1015 3630 1071 3700 sed
1093 3654 1207 3698 verum

159 3749 330 3804 auctorem
351 3761 390 3805 ex
412 3738 504 3806 MSS.
519 3737 668 3806 codicum
687 3736 751 3804 fide
762 3750 796 3805 et
813 3737 850 3804 A.
869 3737 995 3804 Schotti
1009 3737 1208 3830 argumentis

159 3841 409 3910 existimandum
435 3867 504 3911 esse
529 3845 698 3913 Victorem
724 3841 812 3910 haud
833 3841 956 3909 dubito.
983 3841 1052 3909 Sub
1074 3841 1209 3932 Nepotis

160 3947 292 4014 nomine
306 3947 426 4041 prodiit
443 3949 541 4016 etiam
557 3949 769 4036 Germanice,
783 3948 1004 4040 Argentorati,
1025 3941 1139 4030 1535,
1153 3944 1206 4012 sol.

160 4075 224 4118 una
242 4077 318 4119 curn
333 4050 494 4122 Sallustio.

212 4157 256 4224 ΙΙ.
269 4159 402 4230 Daretis
414 4159 545 4252 Phrygii
558 4163 715 4230 Historia
731 4157 857 4228 exordri
877 4152 988 4247 Trojoe
996 4208 1007 4242 ,
1024 4179 1096 4250 quae
1113 4153 1210 4223 latine
