3282 5156
418 525 494 599 3²6
582 526 810 596 JOANNIS
836 523 992 598 llENll.
1021 525 1306 596 SCELEGEL

415 657 533 712 Silenum
556 669 583 710 et
609 655 731 713 sentim.
759 655 898 710 Herodotus
926 653 1100 710 desideretur.
1129 655 1240 726 &unet
1263 654 1330 708 vites
1357 653 1484 725 priorum

416 751 532 808 qustum
540 737 568 790 io
579 735 704 790 Cornelio
716 737 906 807 imperatorum
918 747 1017 792 attente
1029 736 1134 807 legens,
1145 751 1240 806 essqtse
1252 752 1407 806 oomptraus
1416 752 1483 788 tum

416 817 527 870 historie
541 813 684 880 Herodoti,
709 834 763 868 uon
778 834 887 886 posmsu
905 834 960 870 non
979 815 1045 887 quin
1062 811 1194 886 judicem,
1211 812 1343 871 ltmdon
1362 833 1430 886 opus
1447 815 1483 868 iss

382 929 386 938 ·
417 896 534 950 Cornelii
548 906 717 966 oonspeetnm
736 913 792 950 nun
813 897 923 950 venisse.
951 897 1006 950 Neo
1023 893 1053 948 id
1070 894 1176 950 mirum.
1203 895 1236 948 lu
1257 906 1328 948 unte
1347 894 1482 948 librorum

416 975 570 1034 Brutorum
583 976 659 1046 copie
668 1011 676 1040 ,
684 992 799 1046 quorum
809 975 854 1030 vix
863 974 984 1032 vicesima
996 991 1056 1048 pars
1067 985 1217 1046 temporum
1233 973 1358 1044 injurium
1370 973 1484 1045 effugit,

416 1074 471 1109 non
485 1055 572 1108 omnia
594 1072 653 1126 quas
671 1053 706 1106 sd
723 1073 782 1108 rem
794 1055 975 1125 pertinebant,
995 1053 1142 1128 presertim
1153 1052 1319 1125 antiquiom,
1337 1051 1371 1106 sd
1385 1071 1483 1112 nanus

415 1153 471 1188 esse
490 1147 612 1206 poteraut
632 1133 756 1205 scriptori
775 1135 804 1187 iu
818 1135 876 1206 ipsa
896 1135 999 1188 Grecis
1017 1132 1140 1206 degenti,
1159 1131 1259 1189 nedum
1278 1133 1381 1188 bousiui
1398 1134 1481 1188 Italo.

415 1213 515 1268 Prum
531 1211 734 1285 Thucydidem,
754 1231 808 1284 quo
826 1215 968 1268 Cornelius
979 1213 1094 1268 usuime
1109 1232 1171 1270 usus
1184 1211 1306 1276 ridetur,
1328 1214 1364 1269 its
1378 1225 1407 1264 ut
1420 1217 1482 1285 eius

415 1295 495 1348 serbe
504 1312 695 1365 nonnunqum
705 1311 794 1364 presse
804 1291 833 1348 in
843 1312 991 1348 sermonem
999 1294 1124 1348 Latinum
1131 1291 1377 1358 inwintunum
1386 1311 1482 1349 onnes

416 1374 512 1445 reliqui
530 1374 564 1425 ab
577 1392 610 1426 eo
626 1372 727 1444 allegati
740 1373 885 1444 perierunt.
906 1373 933 1427 si
951 1386 1129 1444 superessent,
1153 1384 1286 1430 uunstsret
1306 1371 1404 1438 uobis,
1426 1391 1482 1444 qua

416 1452 470 1508 lide
483 1467 509 1506 et
521 1471 576 1525 quo
589 1451 692 1506 delectu
710 1452 797 1506 fontes
812 1451 915 1506 adierit.
934 1454 1027 1518 Quum
1042 1471 1106 1506 vero
1120 1450 1224 1506 dudusn
1235 1451 1375 1506 bominnsu
1388 1453 1481 1506 oeulos

335 1531 338 1538 ’
416 1533 546 1604 fugerint,
562 1551 593 1585 eo
611 1531 705 1604 majori
725 1532 754 1584 in
774 1533 861 1604 pretio
879 1531 1017 1586 bebendns
1033 1533 1111 1586 nobis
1128 1546 1167 1586 est
1188 1532 1343 1596 Cornelius,
1361 1533 1404 1584 oui
1423 1534 1479 1602 jam

416 1612 533 1666 bistonio
548 1611 646 1665 (ἔνιοι
668 1611 809 1682 porticulus
832 1611 959 1684 qtstsdam
974 1631 1031 1666 nou
1051 1610 1228 1684 sqsernaudss
1247 1612 1325 1666 unios
1341 1609 1479 1666 debmus.

456 1693 591 1746 lecturam
606 1687 678 1744 bsud
692 1691 777 1744 levem
793 1692 928 1758 existimo,
941 1703 1045 1763 partem
1057 1691 1208 1746 Corneliani
1220 1691 1308 1762 operis
1322 1691 1430 1744 alteru
1442 1689 1479 1744 de

416 1770 603 1824 exceumtihus
615 1769 685 1823 inter
699 1772 831 1824 liomsuos
846 1772 1049 1844 impetitoribus
1058 1773 1113 1843 jen
1125 1789 1182 1826 nou
1197 1771 1299 1828 habeti.
1321 1771 1481 1826 Plutarrbua

416 1852 527 1914 latetur,
540 1869 566 1901 se
581 1849 609 1902 in
622 1849 684 1902 ritis
693 1850 1018 1916 uueeltissnoenuum
1031 1864 1058 1906 et
1066 1851 1172 1904 inutili
1185 1848 1381 1906 oousuiboudis
1390 1850 1479 1922 Nepo-

417 1943 471 1984 eem
484 1929 618 1981 evolvisse.
640 1929 706 1993 Qun
718 1929 769 1983 elis
781 1932 889 1984 nornine
901 1930 1055 1986 illustrando
1068 1930 1208 1986 Ctuuelius
1224 1930 1379 2001 susoepuit,
1399 1931 1480 2000 ipun-

360 2009 362 2013 ’
417 2027 514 2064 remus.
536 2005 669 2062 Credibile
681 2020 734 2074 est,
747 2027 809 2063 eum
824 2011 940 2084 insigues
949 2011 1019 2066 viros
1029 2029 1060 2066 ex
1072 2011 1146 2064 osuni
1163 2029 1197 2064 eo
1208 2021 1328 2081 tempore
1339 2009 1480 2080 delegisse,

418 2107 473 2160 qno
488 2090 668 2142 Romanorum
683 2087 775 2142 floruit
786 2091 942 2162 respublioa.
969 2091 1049 2146 Foret
1063 2109 1124 2144 sane
1146 2089 1191 2144 bie
1210 2089 1294 2154 liber,
1317 2089 1341 2144 si
1361 2107 1418 2144 sors
1439 2090 1477 2147 iu

419 2169 536 2230 tulisset,
559 2167 685 2222 eximium
705 2167 886 2240 adjumentum
906 2171 941 2224 sd
960 2169 1147 2242 pertexendam
1166 2169 1303 2224 historiam
1317 2170 1480 2234 nomen,

419 2248 552 2321 precipue
569 2247 597 2300 in
617 2248 668 2302 illia
680 2249 861 2320 tempus-ibus,
879 2252 976 2323 quibus
996 2263 1023 2304 et
1042 2251 1134 2304 livius
1154 2261 1181 2302 et
1192 2239 1338 2320 Dionysius
1357 2248 1475 2304 Halious-

416 2328 544 2382 nasseusis
556 2329 613 2398 peri
625 2328 679 2382 fsto
692 2326 829 2386 deliciunt.

457 2405 601 2478 Descripsit
617 2407 756 2462 Cornelius
773 2408 802 2461 in
820 2409 909 2480 operis
925 2421 1013 2480 parte,
1030 2426 1091 2480 qun
1104 2407 1197 2462 relicta
1206 2419 1260 2474 est,
1276 2406 1376 2462 Grau·
1390 2407 1476 2478 gnos

416 2485 496 2540 duoes
509 2485 557 2558 qui
577 2487 703 2539 memoris
715 2485 789 2558 digni
804 2487 972 2552 viderentur,
991 2501 1087 2560 praee
1099 2505 1180 2559 repes.
1202 2487 1263 2558 lpse
1274 2487 1345 2540 euius
1355 2505 1475 2558 expresse

416 2565 498 2628 dicit,
521 2583 549 2618 se
569 2565 617 2620 bos
635 2567 763 2636 attingere
780 2567 902 2620 noluisse.
923 2567 1019 2622 Omisit
1038 2568 1132 2622 bernes
1153 2565 1187 2620 ad
1203 2567 1351 2638 mytbiuutn
1372 2579 1474 2638 tempos

416 2645 594 2718 pertinentes,
606 2645 690 2716 qualis
705 2647 821 2708 Theseus,
837 2650 913 2717 eujus
927 2648 1008 2702 ritem
1022 2647 1178 2702 Plutasobus
1194 2659 1283 2717 postea
1298 2647 1429 2711 euanuit,
1445 2659 1475 2698 nt

416 2744 476 2780 eum
489 2743 552 2778 cum
565 2725 679 2777 Romulo
694 2739 867 2796 oompsraret.
884 2727 982 2780 Omisit
994 2728 1065 2779 viros
1076 2727 1221 2797 sepientes,
1232 2725 1406 2796 leq'ulatoses,
1420 2725 1474 2780 da·

416 2823 512 2877 rosque
524 2805 904 2876 oratoremqualesbrerugus,
919 2805 994 2860 Setos
1008 2817 1036 2858 et
1050 2806 1235 2866 Demosthenen
1247 2823 1475 2875 quorummeuu·

415 2885 484 2938 rium
503 2880 574 2936 idem
589 2883 747 2937 Plutarchus
766 2885 917 2938 oelebravit.
946 2884 999 2938 Sed
1025 2885 1114 2940 omisit
1137 2885 1218 2940 etism
1239 2885 1383 2938 nonnullus
1402 2885 1476 2938 riros

416 2965 575 3036 pedorus,
597 2963 643 3033 qui
671 2962 767 3016 merito
791 2965 993 3036 imperatoribus
1016 2965 1115 3018 Grauis
1140 2961 1331 3018 mummuli
1355 2963 1473 3018 iuissnt.

417 3044 494 3097 Tnles
509 3055 570 3096 sunt
582 3044 652 3095 inter
664 3043 825 3115 antiquiores
837 3045 973 3097 Feliciores
980 3044 1082 3104 Nicias,-
1095 3045 1164 3098 inter
1172 3043 1346 3108 ηοωῑίοηε,
1356 3043 1405 3115 qni
1414 3055 1475 3118 pust

417 3120 597 3176 Alexandrum
616 3122 739 3179 celebreti
756 3136 833 3190 sunt,
855 3125 950 3177 Aratus
969 3136 997 3177 et
1009 3125 1186 3194 Pleume,
1207 3123 1273 3192 Agis
1284 3135 1312 3176 et
1327 3121 1473 3184 Cleomenes,

416 3219 483 3272 quos
495 3219 587 3254 omues
599 3199 737 3272 descripsit
746 3201 917 3269 Plutarchum
927 3215 958 3257 nt
970 3215 1069 3260 terem
1076 3203 1252 3257 Atossam
1262 3214 1289 3256 et
1300 3202 1474 3258 Artem

415 3281 622 3346 Messeniorum,
648 3281 777 3333 Leseuiim
801 3295 828 3335 et
846 3283 976 3335 Breuilaa
995 3281 1271 3348 Laoedumouiorurn,
1295 3282 1473 3337 Pam-um

414 3359 611 3422 Macedonum,
631 3359 786 3413 fortissimos
802 3359 900 3428 duces,
911 3363 958 3435 qui
972 3361 1091 3418 itidemst
1107 3361 1249 3416 Plutarcho
1266 3360 1309 3414 rel
1328 3362 1419 3416 out'nsi
1432 3363 1473 3416 vel

414 3441 492 3493 nobis
503 3457 557 3492 non
570 3439 654 3492 relicti
670 3453 739 3496 sunt
753 3441 821 3494 blibi
830 3440 938 3512 quidem
948 3461 1003 3496 non
1016 3440 1163 3514 culpandus
1174 3439 1279 3495 videtur
1285 3441 1392 3514 liupos,
1402 3439 1473 3512 quud

414 3519 471 3574 bteo
481 3519 588 3572 noenius
599 3519 765 3589 preterierit.
779 3519 879 3576 Pendet
887 3519 1392 3590 enimenarbitrioeustorisbioprupbi¹
1407 3538 1472 3591 quus

415 3599 582 3671 potissimum
602 3598 673 3652 viros
690 3598 819 3654 illustrare
833 3601 913 3668 velit;
933 3615 960 3656 et
982 3602 1074 3674 snsjori
1088 3599 1160 3654 leudi
1172 3598 1258 3664 duno,
1273 3600 1472 3670 praeminere

328 3683 331 3690 ’
413 3697 507 3733 eornm
519 3679 601 3743 ritus,
614 3697 727 3750 quornm
739 3699 781 3734 res
790 3693 874 3751 gestus
884 3695 911 3736 et
918 3681 1030 3736 virtutes
1041 3701 1096 3734 nou
1106 3681 1191 3752 probe
1202 3679 1330 3734 babemus
1339 3679 1472 3750 ouguitas,

413 3777 493 3831 φιιιιι
506 3759 590 3812 levius
598 3771 709 3812 trsotare
719 3762 938 3832 resgrurissimns.
952 3762 1017 3814 Esus
1030 3759 1111 3814 uredo
1119 3759 1245 3814 Cornelio
1260 3775 1364 3814 oausam
1378 3757 1474 3823 fuisse,

414 3857 462 3892 cur
477 3837 652 3910 quorumdum
670 3859 700 3892 es
715 3840 746 3894 iis
768 3841 849 3895 vitam
865 3843 993 3912 attingere
1011 3831 1138 3905 uniuerit3
1158 3839 1236 3892 aliam
1250 3857 1330 3904 vero,
1352 3834 1425 3909 quod
1437 3837 1472 3890 ed

414 3931 527 3989 qnntmr
537 3919 595 3972 illos
602 3920 710 3984 attinet,
722 3921 768 3992 qni
775 3921 863 3973 ultimi
871 3918 1024 3976 interdnoes
1030 3919 1185 3974 Grnooruut
1193 3918 1340 3982 babetur,
1349 3919 1474 3984 butum,

413 3997 624 4069 Philopoemeua,
644 3999 712 4072 Agin
728 4012 755 4053 et
769 4001 946 4054 Cleomenem.
970 4000 1014 4053 Illi
1029 3999 1100 4054 euius
1115 4000 1144 4052 in
1159 4016 1191 4052 ee
1201 3995 1324 4052 insidunt
1339 4007 1471 4068 tenpore,

414 4077 510 4146 quibus
519 4079 630 4132 Romani
639 4080 801 4150 potentiores
812 4079 872 4134 lecti
880 4079 984 4134 Grnoss
996 4099 1038 4134 res
1046 4097 1120 4152 nque
1131 4097 1161 4132 so
1172 4095 1231 4132 suas
1238 4095 1316 4130 nosse
1325 4087 1470 4148 oeperunt.

452 4154 585 4212 Habemus
601 4175 616 4212 t
630 4158 756 4214 Cornelio
772 4160 839 4213 vites
855 4155 980 4214 mdeeim
994 4159 1212 4222 Atheniensium,
1234 4155 1315 4211 trium
1330 4155 1473 4227 Sputauu·
