3282 5156
388 515 463 590 328
557 512 786 584 Josnnts
812 512 972 582 HENR.
1001 509 1284 580 SCHLEGEL

427 648 508 701 Plane
528 643 647 699 diamant
665 644 733 698 libet·
750 656 790 698 eat
806 661 821 695 a
837 643 900 696 aitis
917 641 1108 713 imperator-nan
1125 641 1179 694 vita
1204 639 1305 705 Attici,
1329 638 1391 693 licet
1410 641 1450 693 ab

295 767 298 772 ,
387 723 482 780 eodem
496 737 602 779 auctore
623 723 780 795 conscripta.
799 723 898 776 Merito
913 719 1037 776 laudatur
1049 721 1106 774 hnc
1123 721 1157 774 ab
1174 721 1297 774 omnibns
1321 719 1357 772 ob
1372 720 1450 790 inge-

387 807 515 860 nuitatem
536 818 563 860 et
579 805 615 858 ob
638 815 721 856 artem
742 802 917 874 singularem,
942 820 995 873 qua
1020 801 1135 856 hominia
1157 799 1267 872 privati,
1298 817 1315 851 a
1332 799 1451 870 strepitu

387 902 522 940 umorum
536 897 564 938 et
577 885 611 936 ab
623 883 770 938 honoribus
781 882 874 945 alieni,
888 883 997 935 virtutes
1011 893 1194 952 exponuntur;
1214 891 1254 932 eat
1274 891 1362 932 tamen
1380 897 1455 930 non·

388 983 523 1036 nunquam
543 963 681 1018 obscurior
706 963 742 1014 oh
768 961 954 1032 negligentium
974 961 1002 1013 in
1022 973 1141 1032 tempore
1156 957 1283 1012 notando.
1307 957 1453 1012 scribendi

387 1044 455 1098 ratio
473 1055 602 1098 monstrat
623 1055 757 1096 auctorem
779 1059 880 1094 summa
896 1041 1060 1094 humanitate
1081 1053 1108 1092 et
1125 1037 1268 1110 pendentia
1289 1035 1451 1110 prnditnrn,

370 1115 375 1120 ’
387 1124 553 1194 amicumque
566 1132 729 1178 constantem
742 1133 769 1174 et
779 1121 926 1174 moilen

519 1260 581 1328 111.
613 1255 872 1328 Observationes
891 1259 1019 1326 critr'cae
1037 1271 1071 1324 et
1084 1253 1314 1350 plrr'lologacoe.

429 1419 585 1495 speciminis
605 1421 665 1474 loco
687 1417 756 1472 dabo
775 1419 970 1472 obser-rationes
982 1417 1116 1492 ,quasdam
1136 1419 1254 1486 criticas.
1273 1419 1450 1490 antiquariae,

388 1499 542 1567 historicas,
551 1512 689 1554 eatsntum
699 1497 827 1571 deligens,
837 1515 896 1570 quc
906 1499 973 1552 scitu
986 1498 1105 1570 jucunda
1119 1512 1145 1551 et
1157 1499 1247 1556 utilia.
1259 1516 1318 1570 quat
1328 1499 1450 1554 ulteriori

389 1581 567 1654 disquisitioni
583 1591 643 1652 apta
656 1576 788 1632 ridentur.
816 1579 843 1632 Si
857 1578 928 1632 enirn
944 1579 1050 1644 omnia,
1066 1597 1125 1650 quat
1140 1577 1174 1632 ad
1186 1579 1242 1632 hnc
1254 1579 1339 1650 capita
1354 1579 1449 1632 referri

389 1675 515 1735 possum,
536 1659 683 1714 examinare
697 1657 878 1728 instituerem,
888 1678 941 1712 non
957 1677 1039 1712 essem
1059 1656 1281 1724 dissertationem,
1295 1656 1341 1712 sed
1347 1661 1450 1730 justiam

389 1743 513 1796 volumen
526 1737 699 1792 exhibiturus.

429 1821 452 1874 1.
472 1828 578 1874 Attente
590 1817 704 1888 legentes
715 1817 886 1884 Cornelium,
908 1818 1005 1870 lacunas
1021 1818 1049 1872 in
1064 1837 1096 1871 eo
1111 1819 1288 1874 observabunt
1301 1815 1450 1884 duas,licet

390 1917 440 1952 nec
454 1899 481 1951 iu
502 1895 637 1951 codicibus
648 1915 696 1950 nec
716 1896 744 1950 in
761 1893 878 1950 editione
893 1898 1027 1970 principe,
1043 1898 1130 1964 etiia,
1147 1916 1206 1968 quta
1217 1898 1361 1958 subsecuta
1373 1910 1451 1964 arent,

390 1977 475 2032 ullum
489 1990 597 2030 notetur
605 1995 695 2030 earum
704 1974 851 2047 vestigium.
868 1977 972 2042 Prima,
988 1980 1128 2049 quantiam
1137 1977 1451 2044 observavitLarnhinus,

391 2058 469 2111 estin
484 2057 539 2110 sita
554 2055 688 2127 Lysandri,
701 2056 750 2110 sub
763 2056 845 2110 finem
858 2075 916 2128 cap.
931 2057 971 2122 113
980 2057 1059 2110 altera
1068 2093 1077 2122 ,
1086 2075 1144 2129 quas
1154 2057 1277 2110 Lambini
1292 2058 1372 2112 aciem
1383 2057 1452 2110 edin·

391 2137 475 2209 git,et
488 2137 521 2189 ab
529 2139 647 2208 Augusto
656 2137 796 2190 Buchnero
805 2137 922 2208 primunr
933 2148 1023 2190 notata
1034 2149 1088 2203 est,
1100 2138 1129 2190 in
1137 2137 1191 2190 vita
1199 2137 1326 2200 Emonia,
1337 2137 1449 2208 capfl.

392 2217 510 2288 Uterque
523 2217 595 2268 locus
604 2217 709 2287 punctis
717 2233 763 2268 seu
774 2215 902 2269 asteriscis
915 2214 1047 2270 indicatur
1059 2217 1284 2282 crecentioribua,
1296 2236 1363 2289 quos
1372 2217 1451 2280 novi,

391 2297 530 2370 plerisque.
546 2294 598 2347 Vix
618 2309 802 2368 argumentum
819 2299 902 2366 majus
920 2313 975 2348 ease
989 2307 1089 2367 potest,
1109 2296 1217 2368 periisse
1231 2315 1323 2350 omnes
1338 2297 1402 2350 olim
1416 2297 1451 2349 ab

391 2376 546 2447 antiquitate
569 2373 673 2428 relictos
695 2373 797 2428 codices
822 2375 901 2445 hnjus
922 2373 1007 2442 libri,
1036 2388 1131 2446 prater·
1153 2376 1229 2428 illurn
1250 2395 1351 2440 unum,
1371 2393 1452 2446 quent

391 2455 515 2510 AEmilins
531 2451 633 2508 Probus
648 2455 820 2527 exscripserat
836 2451 987 2511 Theodosio
1007 2452 1203 2522 exhibendum
1225 2467 1252 2508 et
1273 2475 1306 2510 es
1325 2456 1381 2510 aolo
1398 2455 1451 2512 hoc

393 2533 561 2606 apographo,
577 2534 623 2606 qui
647 2535 746 2606 etipse
766 2529 868 2586 dudum
888 2533 996 2604 petiisse
1010 2532 1128 2600 videtur,
1151 2547 1276 2606 tanquam
1294 2535 1451 2607 uehetypo,

393 2611 523 2666 effluxisse
541 2615 636 2666 sensim
652 2631 754 2678 omnes,
780 2613 826 2684 qui
840 2609 926 2666 adhuc
939 2631 987 2684 per
997 2614 1134 2684 Europam
1144 2613 1329 2685 reperiuntur,
1347 2613 1453 2668 codioes

393 2713 473 2746 manu
487 2706 612 2746 exaratos.

433 2773 524 2827 Enataa
538 2784 599 2824 sunt
609 2771 724 2838 lacunae,
737 2771 885 2836 breviores,
898 2773 981 2844 qualis
993 2773 1037 2825 illa
1053 2773 1079 2825 in
1088 2773 1207 2828 Eumene
1219 2771 1340 2828 habenda
1352 2786 1406 2838 est,
1418 2792 1452 2828 en

394 2852 532 2907 oscitantia
550 2851 667 2916 librarii;
685 2852 835 2923 longiores,
848 2853 932 2923 qualia
947 2871 976 2906 es
991 2853 1020 2906 in
1035 2850 1174 2924 Lysandro
1198 2848 1306 2914 (omissa
1322 2866 1362 2908 eat
1379 2854 1452 2906 eninr

395 2945 449 2986 tota
465 2951 522 2998 res,
535 2949 613 3002 quant
628 2931 716 3002 Nepos
736 2943 890 2984 narraturus
904 2928 988 2997 erat),
1003 2950 1048 2985 sen
1068 2951 1100 2986 ex
1114 2931 1207 2986 eadem
1224 2933 1375 3000 oscitantia,
1391 2952 1452 2996 seu,

394 3012 473 3065 etiam
486 3007 559 3084 quod
578 3011 672 3082 sepius
688 3009 796 3074 accidit,
822 3009 920 3066 codicis
943 3013 1064 3082 primarii
1084 3012 1257 3066 mutilatione.
1288 3013 1369 3066 Pauci
1383 3013 1452 3066 inter

394 3093 479 3144 bonos
494 3108 599 3162 quoque
613 3087 716 3142 codices
731 3091 900 3162 reperiuntur
912 3081 957 3160 (id
972 3090 1045 3144 enim
1064 3093 1134 3162 casui
1150 3105 1176 3144 et
1186 3092 1307 3149 humana
1319 3091 1451 3163 fragilitati

396 3165 529 3233 dandum)
542 3167 599 3220 sine
608 3169 695 3240 aliquo
702 3167 813 3222 deiectu.
830 3167 858 3222 Si
870 3189 885 3224 e
896 3167 1005 3224 diversis
1017 3183 1172 3224 emanarunt
1177 3171 1453 3234 fontibus,exhibebit

396 3248 471 3302 facile
479 3266 560 3312 unus,
568 3247 641 3318 quod
650 3245 813 3302 desideratur
825 3249 853 3302 in
865 3249 929 3303 aliis.
949 3249 992 3303 Sic
1005 3251 1133 3302 nonnulla
1144 3252 1240 3322 scripta
1254 3265 1386 3316 aeterum,
1395 3269 1453 3322 qun

397 3345 488 3380 manca
499 3338 574 3380 erant
584 3325 611 3377 in
627 3325 744 3380 editione
756 3328 856 3398 prima,
872 3348 943 3382 novo
956 3328 1066 3396 codice,
1082 3331 1124 3382 vel
1136 3331 1214 3384 etiam
1227 3329 1336 3402 singuiis
1350 3343 1452 3386 tantuna

395 3407 466 3461 toliis
480 3418 506 3459 et
517 3405 668 3476 fragmentis
678 3407 801 3478 repertis,
824 3407 935 3462 feliciter
954 3409 1075 3480 suppleta
1088 3410 1192 3464 scimus.
1219 3409 1267 3464 Sin
1277 3429 1342 3462 vero
1355 3407 1452 3464 endem

394 3488 497 3540 lacunas
515 3480 689 3538 offenduntur
702 3483 730 3537 in
750 3485 888 3550 omnihus,
911 3501 982 3544 recte
994 3487 1146 3560 judicantur
1168 3487 1250 3542 iidem
1268 3508 1360 3544 omnes
1380 3489 1451 3543 dncti

396 3585 452 3620 esse
464 3583 496 3618 ex
510 3561 603 3617 eodem
624 3565 711 3628 fonte,
733 3584 816 3636 eoque
840 3568 994 3638 posterioris
1017 3569 1066 3622 nvi
1087 3568 1142 3620 sire
1162 3569 1291 3622 canusiae
1311 3569 1389 3641 culpa
1399 3572 1450 3639 jana

396 3657 532 3716 corrupto.
549 3643 628 3698 Valet
642 3644 730 3715 itaque
752 3643 786 3696 de
801 3645 911 3718 Nepotis
927 3649 1133 3720 Imperatoribus
1148 3647 1233 3706 idem.
1250 3647 1325 3719 quod
1343 3649 1453 3702 celeim-

396 3725 480 3780 rimus
492 3736 519 3777 et
533 3723 650 3796 optimus
661 3725 718 3786 vir,
731 3722 757 3778 J.
770 3725 805 3778 A.
816 3725 915 3780 Ernesti
926 3725 1151 3799 pronunciavitde
1165 3729 1265 3791 Tacito,
1276 3727 1353 3782 Prasi-
1364 3747 1391 3799 p.
1403 3731 1450 3782 16.-

402 3805 523 3858 «Omnes
537 3804 674 3856 varietates
691 3803 850 3870 lectionum,
866 3824 931 3877 quas
948 3826 964 3859 e
981 3807 1057 3860 libris
1072 3807 1177 3878 scriptis
1194 3819 1296 3862 notatas
1313 3807 1450 3868 habemns,

403 3883 533 3956 ·proprie
556 3902 611 3938 esse
630 3883 767 3938 varietates
788 3884 867 3950 unius
888 3885 1018 3959 exempli,
1037 3904 1093 3940 non
1107 3886 1245 3957 plurium,
1271 3905 1331 3958 quas
1349 3906 1381 3940 ex
1395 3886 1450 3956 ipso

403 3987 414 4010 ι
425 3963 568 4035 archetypo
576 3962 708 4016 fluxerint.
719 3961 798 4016 Unde
806 3963 851 4028 iit,
865 3976 895 4016 ut
909 3965 1032 4026 omnihus
1045 3964 1182 4020 codicibus
1193 3964 1377 4038 comparandis
1388 3965 1452 4018 nihil

404 4040 496 4093 «aliud
520 4041 589 4094 effici
608 4043 704 4114 possit,
728 4060 806 4113 quom
818 4055 871 4116 ω,
895 4041 963 4116 quid
980 4044 1008 4098 in
1026 4063 1080 4098 uno
1103 4045 1149 4098 illo
1165 4046 1332 4116 apographo,
1349 4043 1452 4100 nndsii

405 4137 533 4184 «venere,
555 4121 653 4188 fuerit,
668 4121 839 4175 inveniamus.
852 4147 862 4168 ·
