3200 5120
490 504 558 572 ΕΤ
584 503 826 571 JUDICIA.
1099 526 1191 574 xnus

130 639 218 733 quali
238 637 308 708 fere
325 659 477 706 sermone
491 649 549 704 aut
567 633 678 706 Cesar
690 637 723 703 in
738 636 983 704 commentariis
997 634 1062 704 suis
1073 637 1194 724 utitur,

131 761 188 816 aut
205 747 254 814 Μ.
276 743 402 814 Tullius
417 744 451 812 in
469 739 612 838 epistolis
627 742 669 811 ed
690 744 857 828 Atticum,
873 756 905 810 et
921 743 954 810 in
970 739 1134 810 nonnullis
1150 743 1192 810 ad

132 851 318 922 familiares.
333 851 377 920 At
391 873 522 934 eorum,
536 851 591 942 qui
609 849 871 919 Theodosiorum
883 862 977 916 aetate
992 848 1193 936 floruerunt,

130 983 230 1028 nemo
250 959 297 1027 sic
319 959 436 1025 Latine
452 955 581 1024 locutus
596 969 644 1026 est
657 981 666 1038 ς
677 956 734 1024 sed
752 979 867 1024 omnes
883 953 1013 1022 dicendi
1024 979 1127 1048 genus
1141 953 1193 1023 vel

132 1064 233 1158 longe
255 1065 445 1134 arcessitum
456 1115 466 1148 ,
477 1059 538 1130 'vel
555 1062 762 1157 impolitum,
784 1059 835 1130 vel
856 1060 1018 1128 tumidum
1037 1045 1134 1153 atigue
1149 1062 1195 1128 in·

132 1170 269 1256 flatum,
289 1169 356 1254 vel,
372 1184 410 1239 ut
428 1167 614 1262 appellant,
636 1169 805 1257 lloridum,
825 1182 859 1236 et
877 1166 1042 1252 fucatum,
1061 1165 1114 1233 vel
1132 1165 1197 1234 edi·

134 1291 267 1370 patum,
281 1292 317 1346 et
331 1277 470 1370 pingue,
491 1274 543 1343 vel
566 1277 789 1369 inquinatum,
807 1288 841 1344 et
862 1272 1051 1359 sordidum,
1072 1269 1196 1366 'velpe

135 1383 319 1476 regrinum,
331 1395 365 1450 et
375 1380 620 1475 hyposoloecum
631 1395 842 1475 usurparunt.
856 1379 907 1448 hd
918 1378 989 1447 haee
1001 1391 1196 1471 argumenta

135 1489 271 1558 accedat
280 1491 381 1583 ips'ius
396 1489 540 1556 auctoris
549 1490 781 1558 testimonium.
792 1489 923 1581 Ipsum,
936 1485 1087 1585 inquam,
1098 1483 1197 1576 hujus

135 1594 207 1664 libri
234 1597 457 1689 scriptorem,
485 1609 601 1663 testem
624 1595 754 1680 citabo,
780 1607 814 1661 et
835 1592 1058 1662 testimonium
1080 1604 1197 1658 contra

136 1726 208 1788 eos,
226 1703 285 1794 qui
305 1725 380 1770 eum
402 1699 580 1770 Theodosii
601 1699 759 1794 'aequalem
782 1697 881 1768 luisse
903 1695 1124 1780 contendunt,
1147 1695 1195 1762 di-

135 1821 264 1878 centem
278 1807 470 1902 producam.
483 1807 536 1877 Sic
547 1810 648 1903 igitur
662 1809 696 1874 in
708 1805 856 1876 Miltiade
870 1799 916 1892 (1,
932 1802 968 1889 6,
988 1795 1034 1882 tl:
1053 1823 1071 1864 ι(
1091 1801 1196 1894 Cujus

136 1915 300 1998 victoriae,
313 1937 385 1984 non
400 1911 543 1982 alienum
555 1914 699 1999 videtur,
708 1910 805 2006 quale
819 1912 991 2006 praemium
1006 1906 1145 1977 Miltiadi
1158 1909 1200 1975 sit

138 2019 319 2102 tributum,
344 2019 485 2088 docere:
507 2045 574 2114 quo
601 2019 727 2090 facilius
748 2017 881 2111 intelligi
900 2017 1021 2111 possit,
1046 2012 1196 2082 eamdem

135 2127 286 2194 omnium
309 2127 481 2196 civitatum
503 2151 573 2196 esse
590 2141 753 2194 naturam.
777 2127 824 2193 Ut
848 2125 935 2192 enim
959 2119 1072 2215 populi
1095 2119 1199 2187 nostri

138 2232 281 2302 honores
309 2231 476 2325 quondam
513 2233 647 2302 fuerunt
676 2234 741 2301 rari
776 2246 810 2302 et
833 2245 966 2312 tenues,
990 2228 1034 2295 ob
1058 2239 1201 2319 'eamque

139 2362 270 2408 causam
303 2337 454 2432 gloriosi,
481 2363 570 2409 nunc
590 2353 700 2407 autem
724 2338 822 2407 effusi
847 2351 944 2431 atque
967 2332 1126 2416 obsoleti;
1154 2331 1200 2400 sic

139 2443 215 2514 olim
247 2444 338 2538 apud
364 2445 579 2514 Athenienses
603 2445 701 2513 fuisse
725 2445 915 2539 reperimus.
943 2471 960 2506 u
992 2445 1072 2509 Haec
1100 2437 1202 2506 verba

139 2565 299 2644 arguunt,
317 2550 408 2620 bunc
427 2549 546 2620 librum
568 2553 727 2646 scripturn
745 2575 833 2637 esse,
851 2575 918 2642 quo
938 2562 1086 2642 tempore
1104 2569 1203 2640 penes

141 2655 300 2751 populum
321 2655 430 2750 aliqua
452 2660 550 2726 etiam
570 2672 715 2752 potestas
741 2671 820 2724 erat.
848 2657 935 2722 Nam
963 2679 1029 2747 quo
1053 2667 1203 2745 tempore

139 2761 344 2832 Theodosius
367 2763 570 2856 imperabat,
592 2762 672 2832 nihil
699 2776 830 2858 poterat
854 2757 1005 2855 populus.
1035 2760 1089 2826 Sic
1118 2756 1204 2824 idem

142 2867 262 2944 ibidem
276 2861 333 2954 ll,
355 2869 396 2954 8,
414 2861 472 2955 dl:
490 2899 506 2934 a
526 2873 651 2940 Omnes
665 2884 774 2938 autem
797 2884 831 2937 et
851 2865 1016 2946 habentur
1037 2879 1071 2932 et
1089 2861 1204 2932 dicun·

141 2987 196 3041 tur
214 2975 364 3066 tyranm,
388 2977 444 3068 qui
464 2990 633 3070 potestate
651 2991 727 3046 sunt
750 2989 910 3070 perpetua
934 2974 968 3040 in
990 2995 1028 3039 ea
1046 2970 1205 3054 civitate,

141 3103 212 3172 quae
230 3078 383 3148 libertate
402 3105 462 3150 usa
483 3096 541 3150 est.
562 3111 579 3146 s
597 3084 699 3172 Quis,
718 3081 926 3150 mediocriter
941 3080 975 3146 in
993 3077 1118 3146 Latinis
1139 3075 1205 3142 his-

137 3185 233 3254 toriis
251 3183 399 3279 legendis
421 3203 588 3277 versatus,
610 3213 678 3257 non
696 3191 794 3257 sentit
815 3188 992 3270 continuo,
1010 3207 1112 3277 quum
1135 3181 1206 3248 haec

141 3290 233 3359 audit
252 3303 311 3359 aut
332 3289 427 3385 tegit,
446 3314 483 3362 ea
502 3319 569 3362 non
589 3319 659 3364 esse
678 3296 800 3388 scripta
817 3293 859 3362 ab
877 3291 1011 3361 homine
1029 3291 1062 3357 in
1082 3308 1205 3382 regno,

142 3395 193 3465 uel
215 3397 251 3464 in
277 3400 427 3490 potentia
451 3398 630 3494 singulari,
651 3415 729 3470 nato
756 3394 1039 3494 atque‘educato?
1059 3397 1147 3464 Nam
1180 3394 1206 3462 si

143 3502 186 3570 ita
210 3504 415 3596 scripsisset,
435 3505 656 3576 Theodosium
684 3506 798 3575 eadem
825 3529 926 3600 opera
943 3519 1123 3597 mannum
1146 3523 1204 3593 ap-

144 3605 315 3700 pellasset,
329 3611 383 3702 qui
397 3612 596 3706 singularem
613 3615 810 3708 potentiam,
822 3626 855 3680 et
871 3634 1009 3706 regnum
1026 3611 1059 3678 in
1074 3599 1207 3677 civitate

140 3712 219 3782 olim
236 3713 349 3784 libera
376 3715 569 3806 obtinebat,
589 3721 738 3813 quamvis
767 3718 927 3813 populum
951 3741 1019 3784 non
1046 3714 1209 3794 liberum,

145 3817 199 3888 sed
212 3821 288 3914 jam
316 3825 466 3901 seruituti
487 3826 728 3910 assuefactum,
752 3837 944 3919 acceperat:
970 3820 1058 3916 quod
1077 3829 1209 3912 quante

145 3925 373 4018 imprudentiae
390 3953 429 3998 ac
448 3929 768 4002 dementiae‘fui'ssetl
783 3933 883 4000 ttunc
901 3941 1029 4012 autem,
1047 3923 1209 4018 Pompeio

143 4043 178 4098 et
192 4033 326 4102 Came
343 4038 428 4106 inter
442 4063 476 4106 se
490 4038 783 4125 contendentibus,
798 4041 831 4105 e't
845 4031 986 4127 utroque
1003 4029 1207 4127 probabilem

142 4158 182 4205 ac
197 4142 380 4233 speciosam
396 4143 619 4217 bellicensem
634 4145 810 4230 afferente,
825 4143 917 4238 quasi
933 4140 984 4209 vel
1001 4139 1209 4222 libertatem,
