3284 5150
600 541 836 612 surinus.
1054 529 1058 538 ’
1177 545 1248 642 267

195 670 335 772 peilatus
348 690 399 744 est
413 697 432 742 a
445 677 484 744 C.
494 673 618 761 Flavio,
632 677 724 744 Bruti
741 672 905 762 familiari,
916 672 1061 760 Atticus,¹
1076 691 1113 745 ut
1124 675 1193 770 ejus
1204 681 1250 748 rei

195 784 348 877 princeps
357 805 429 850 esse
443 779 608 850 voluisset.
617 785 660 850 At
674 779 807 875 ille‚qui
823 781 932 852 officia
945 783 1057 851 amicis
1069 785 1251 876 prestanda

196 891 266 957 sine
282 888 425 957 motione
442 888 658 972 existimaret,
673 908 865 981 semperque
882 913 900 955 a
923 887 1041 956 talibus
1059 913 1093 957 se
1111 890 1251 960 consiliis

195 996 412 1078 remouisset,
434 992 605 1087 respondit
629 992 786 1087 :siquid
810 997 932 1062 Brutus
960 991 1001 1062 de
1025 996 1091 1063 suis
1116 994 1251 1065 faculta-

196 1099 284 1168 tibus
301 1101 350 1167 uti
367 1096 551 1182 voluisset²‚
566 1123 719 1186 usurum,
737 1113 896 1192 quantum
917 1123 963 1167 ese
980 1113 1171 1193 paterentur
1188 1127 1199 1188 ;
1218 1127 1253 1170 se

196 1229 304 1300 neque
318 1229 395 1274 curn
417 1229 582 1298 quoquam
599 1204 641 1273 de
656 1229 694 1274 eu
712 1231 748 1274 re
764 1204 1002 1275 collocuturum
1012 1260 1022 1293 ,
1033 1229 1139 1300 neque
1154 1210 1253 1276 coitu-

198 1335 282 1380 rum.
303 1313 357 1380 Sic
369 1309 423 1379 ille
442 1312 666 1380 consensionis
683 1297 817 1405 globus³
829 1312 926 1404 hujus
939 1313 1035 1379 unius
1053 1310 1253 1382 dissensione

198 1415 352 1510 disjectus
363 1431 421 1486 est.
434 1417 551 1511 Neque
572 1415 678 1486 multo
694 1432 770 1511 post
787 1419 936 1511 superior
946 1441 1016 1487 esse
1035 1420 1133 1512 coepit
1149 1421 1252 1487 Anto-

199 1525 289 1610 nius3
307 1525 352 1592 ita
371 1537 409 1590 ut
434 1525 554 1592 Brutus
581 1538 615 1592 et
643 1523 795 1610 Cassius,
814 1511 1091 1617 provinciarum⁴‚
1112 1549 1185 1618 quae
1216 1527 1254 1594 iis

198 1631 288 1698 necis
310 1653 407 1698 causa
426 1628 511 1698 datas
528 1642 622 1698 erant
636 1652 657 1697 a
673 1627 879 1716 consulibus,
893 1628 1072 1723 desperatis
1093 1631 1206 1718 rebus,
1219 1632 1253 1698 in

200 1733 329 1804 exilium
342 1735 638 1830 proficiscerentur.
653 1737 795 1818 Atticus,
805 1737 861 1829 qui
874 1737 1046 1829 pecuniam
1068 1735 1164 1804 simul
1177 1761 1254 1804 cum

199 1843 316 1910 ceteris
327 1841 479 1910 conferre
489 1839 638 1910 noluerat
656 1842 786 1911 florenti
802 1841 847 1910 illi
861 1843 964 1936 parti,
977 1828 1118 1934 abjecto⁵
1132 1845 1256 1930 Bruto,

199 1945 358 2041 Italiaque
373 1947 519 2034 cedenti,
533 1949 718 2018 sestertium
737 1962 870 2018 centurn
886 1945 986 2017 millia
1003 1949 1131 2017 muneri
1144 1950 1231 2018 misit
1245 1975 1256 2032 3

200 2051 307 2122 eidem
340 2055 374 2120 in
404 2053 508 2148 Epiro
528 2053 645 2124 absens
671 2068 817 2123 trecenta
840 2054 936 2147 jussit
958 2052 1057 2140 dari3
1082 2079 1190 2148 neque
1216 2079 1257 2124 eo

202 2160 307 2253 magis
334 2162 459 2254 potenti
486 2157 637 2228 adulatus
665 2173 715 2228 est
742 2161 900 2246 Antonio,
927 2183 1034 2253 neque
1068 2158 1258 2253 desperatos

202 2263 499 2440 rel'lqllllSecutum
521 2386 570 2440 est
593 2368 715 2440 bellum
739 2385 868 2464 gestum
889 2369 977 2464 apud
1001 2369 1191 2440 Mutinam.
1219 2374 1259 2440 ln

246 2599 270 2632 s.
289 2580 417 2632 Valuisset.
443 2580 498 2634 Cur
511 2579 641 2644 witimer,
655 2597 710 2631 non
755 2591 811 2633 tum
823 2591 862 2632 est
875 2578 903 2631 in
916 2578 1052 2632 Ciceronis
1065 2579 1139 2633 Oret.
1153 2580 1209 2646 XI;
1223 2581 1256 2633 cf.

203 2660 292 2712 dedet?
300 2658 571 2724 massmannum,
583 2659 634 2712 nisi
642 2677 712 2730 quss-
733 2695 737 2704 ·
754 2677 811 2730 cap.
824 2659 884 2712 ΧΠ,
899 2659 1056 2729 Quanquam
1071 2657 1181 2730 deipsis
1194 2679 1258 2732 pro-

204 2751 278 2792 ratur
296 2739 324 2790 iu
345 2757 449 2790 murum.
465 2739 565 2798 Aliter,
582 2743 605 2790 α’
617 2739 709 2799 uellet,
754 2738 1048 2810 vinciiuqusnmint,
1061 2755 1092 2792 ex
1102 2738 1256 2804 Plutarcho,

206 2822 243 2871 uti
258 2837 335 2890 poue.
350 2819 409 2872 Tus
426 2851 466 2862 -
484 2820 567 2892 Neque
586 2823 709 2870 culturum.
754 2818 877 2889 Appiano
888 2831 914 2870 et
925 2819 1011 2871 Dione
1026 2815 1258 2891 Cassio,disputs·

205 2896 248 2950 sd
260 2897 362 2952 factiosi
381 2898 484 2952 consilii
506 2899 656 2952 societatem
672 2917 712 2952 ac·
754 2910 807 2950 tur.
817 2897 923 2950 Cretum
933 2897 1030 2951 diserte
1038 2897 1157 2951 nominat
1164 2897 1259 2952 Cicero

205 2995 348 3032 cessurum.
754 2975 789 3030 de
800 2976 952 3043 Bruto,slii
963 2975 998 3031 de
1009 2977 1112 3042 Cassio,
1123 2976 1260 3048 Cyrenen,

248 3058 274 3112 3.
290 3057 456 3112 &munis
470 3057 565 3128 glolsu.
581 3057 623 3110 Its
640 3056 711 3110 huuc
755 3075 837 3129 quum
847 3057 898 3128 ipsi
914 3057 977 3111 alias
991 3069 1170 3129 occupassent.
1186 3056 1259 3110 Con·

206 3137 427 3192 censentiendum
450 3149 545 3191 coetum
566 3153 636 3190 unus
657 3135 711 3190 dis·
755 3137 823 3190 sules
835 3137 1107 3190 smuttsnsoniuso
1114 3136 1258 3190 Dolabella.

207 3216 320 3270 sentiens
330 3215 495 3270 disturbavit.
508 3249 549 3260 -
557 3215 660 3272 Globru.
672 3218 713 3269 Its
755 3218 815 3270 Tus.
829 3217 918 3270 Altera
928 3225 1015 3270 tutem
1026 3217 1105 3270 leutio
1117 3215 1177 3268 dieis
1188 3235 1260 3269 causo

207 3307 295 3348 autern
309 3296 380 3368 apud
394 3297 545 3350 Sallustium
564 3296 650 3367 leges,
663 3298 712 3349 Ju·
756 3297 847 3368 gallice
861 3297 947 3360 velet,
959 3315 1008 3366 por
1027 3301 1129 3349 maun
1142 3297 1258 3369 d'acquit.

208 3374 296 3445 gurth.
312 3375 449 3430 LXXXV:
462 3403 473 3424 ·
486 3377 513 3430 Si
528 3393 607 3448 quem
622 3394 654 3430 ex
667 3377 712 3429 illo
756 3377 854 3430 Brutus
870 3376 942 3430 euim
957 3388 983 3429 st
996 3375 1114 3442 Cassius,
1132 3395 1181 3448 per
1200 3395 1259 3448 spe·

207 3453 282 3524 globo
295 3455 467 3510 nobilitatis...
482 3482 493 3503 ι
508 3455 636 3529 ΑυςΙίοε,
649 3456 711 3511 clud.
756 3455 823 3510 ciem
845 3468 871 3508 et
890 3475 987 3509 nomeu
1008 3456 1222 3528 provinciarum,
1246 3474 1261 3508 e

250 3539 278 3599 4.
296 3535 484 3588 nmmum.
509 3535 611 3589 Referri
634 3534 713 3588 debet
756 3536 891 3607 republios
903 3535 998 3589 remoti
1014 3537 1135 3602 iuuant,
1148 3547 1175 3588 et
1188 3535 1262 3588 velut

205 3611 243 3666 ad
251 3613 332 3668 verbu
343 3617 489 3687 sequeutia,
498 3615 627 3687 ἀκρατέα
636 3615 712 3668 redum
756 3616 845 3669 exules
863 3615 933 3668 lacti.
949 3615 1011 3668 Huc
1028 3627 1114 3668 sutem
1131 3627 1207 3667 vetus
1225 3615 1263 3666 lo·

208 3725 249 3737 --
260 3693 333 3746 Nesis
345 3715 426 3748 musa.
441 3695 504 3748 Huc
519 3697 647 3748 librorum
660 3696 714 3748 lec·
757 3693 856 3768 queudi
865 3694 978 3748 lomnnls
988 3692 1059 3766 apud
1066 3694 1122 3747 Cic.
1138 3691 1170 3746 ad
1180 3693 1258 3746 Attio.

209 3773 247 3826 tio
260 3773 317 3826 siue
328 3773 412 3828 dubio
423 3773 586 3846 proferenda
599 3788 638 3828 est
650 3793 714 3829 con·
757 3775 786 3839 1,
803 3776 854 3838 ¹8,
866 3787 892 3827 et
905 3773 967 3827 olibi
978 3774 1101 3826 occurrit.

207 3855 314 3924 jectum
328 3853 431 3924 Cujaeii
451 3855 511 3907 dicis
529 3873 616 3912 muso,
634 3873 714 3930 quam
799 3854 825 3906 ὅ.
846 3853 948 3923 Adjecto
964 3854 1051 3906 Bruto.
1065 3851 1097 3906 ld
1113 3863 1166 3918 est,
1180 3851 1263 3904 Bruto

210 3933 320 4003 protulit
332 3934 359 3986 in
371 3933 509 3988 Observst.
519 3936 544 3988 X
551 3970 560 3998 ,
573 3936 625 4004 37,
634 3946 660 3988 et
671 3933 716 3986 ali·
756 3932 867 3987 reflante
881 3933 986 3986 fortuna
1001 3943 1142 4002 prostrato.

209 4013 256 4083 qui
270 4025 437 4085 exceperunt.
453 4014 535 4080 Nam,
545 4027 575 4068 ut
584 4013 714 4067 librorum
798 4013 862 4066 Cau.
877 4013 925 4065 tx.
949 4029 973 4064 r.
990 4011 1084 4064 Bellum
1096 4021 1188 4079 gesem
1198 4008 1265 4080 opud

211 4093 364 4146 sustentate
381 4093 491 4160 nititur,
506 4093 542 4146 ita
557 4106 584 4146 et
597 4095 648 4146 lert
659 4093 712 4146 his·
758 4093 887 4146 Mutuum,
900 4092 982 4162 Cujus
993 4090 1056 4143 belli
1067 4108 1144 4144 csusa
1155 4089 1206 4143 luit
1216 4103 1265 4143 tes·

106 4213 111 4234 a
211 4170 284 4226 torio
296 4173 493 4239 testimouium,
507 4171 581 4245 quod
595 4173 714 4228 luculen-
759 4185 905 4227 timentum
921 4169 1037 4226 Contu.
1053 4167 1123 4224 Vide
1141 4169 1266 4235 Horum,
