3282 5156
403 487 479 575 334
569 485 799 558 JOANNIS
825 487 982 557 liENR.
1011 485 1299 558 SCliLEGEL

400 639 466 693 rope
475 633 566 673 muno
577 617 720 690 exspectari
735 629 831 690 potest.
851 617 939 690 Opto,
953 630 983 671 nt
999 617 1027 670 in
1045 617 1141 672 scholis
1159 619 1317 673 cultioribus
1333 617 1464 675 hebenu-

401 713 428 756 et
442 711 568 753 tractetur
589 699 644 751 beo
666 696 879 770 Dactyliotheca,
905 698 1020 768 pretium
1042 697 1161 769 quantit
1183 715 1323 772 cingnum,
1345 699 1418 770 qnod
1435 701 1464 754 ei

400 777 584 852 compsi-assde
597 774 778 850 impendetur,
797 777 910 830 utilitate
925 777 1001 830 facile
1013 778 1202 850 compensabit.

443 861 465 913 1.
482 857 603 922 Notsbo,
613 875 673 928 qum
687 874 719 909 er
734 857 853 928 Lipperti
867 873 948 928 opere.
961 854 994 909 ad
1012 857 1131 910 Cornelii
1145 858 1316 930 impensem
1327 859 1462 912 illustren-

402 939 451 992 dos
463 938 604 1011 pertinent.
626 937 751 990 Miltiades
764 948 804 989 ter
819 936 949 993 occurrit.
965 935 1131 1000 0111111111,
1145 955 1173 991 u.
1185 939 1277 992 Sedet
1290 938 1460 1012 3²7,Suppl.

400 1020 478 1087 11,n.
498 1024 564 1082 ¹²⁴5
580 1016 746 1068 Themistocles
755 1016 809 1081 bis,
824 1015 946 1080 chitn,
960 1034 987 1068 ιι.
1002 1017 1169 1080 iicetiitz
1190 1017 1324 1080 Aristides,
1340 1017 1462 1085 Chitu,

400 1117 428 1152 n.
446 1097 619 1165 11813195
634 1095 788 1157 Alcibiades,
802 1095 872 1148 Chil.
886 1095 1031 1159 11,n.333
1049 1095 1177 1170 etSuppl.
1191 1097 1234 1161 11,
1247 1115 1273 1150 n.
1290 1099 1459 1164 insessas,

400 1176 597 1248 Epaminondas.
615 1175 685 1229 chit.
703 1171 787 1240 11,'n.
809 1175 879 1240 335;
894 1173 1018 1232 Pauus.
1036 1174 1106 1228 Cbil.
1128 1177 1170 1243 11,
1187 1195 1214 1228 n.
1236 1177 1302 1239 ³34.
1320 1178 1460 1230 Neminem

399 1255 538 1330 penitebit
548 1255 654 1328 legisse,
673 1271 732 1326 quas
744 1255 887 1325 Lippertus
899 1254 1003 1326 scripsit
1012 1253 1045 1306 ad
1054 1254 1101 1308 lm
1113 1255 1239 1327 imegincs
1253 1255 1420 1328 explicendas
1428 1257 1459 1310 in

399 1335 578 1390 voluminibus
590 1335 698 1406 Lipsie,
716 1334 792 1386 annis
810 1337 882 1405 1767
896 1344 923 1384 et
942 1337 1033 1404 1776,
1050 1335 1199 1405 publicatis.

439 1417 475 1469 11.
499 1416 532 1467 1ιι
553 1415 692 1480 Cornelio,
712 1413 760 1485 qui
782 1431 869 1466 mores
896 1411 1069 1478 Grocorum,
1099 1427 1129 1466 ut
1153 1415 1279 1468 Romanis
1300 1415 1457 1488 plerumque

397 1507 492 1563 notos,
511 1495 596 1566 attigit
610 1493 699 1566 potius
726 1509 804 1564 quem
827 1492 984 1564 expliosvit,
1013 1494 1150 1565 complura
1172 1495 1289 1548 inveniet
1311 1495 1459 1568 intelligens

397 1575 493 1639 lector,
514 1591 573 1645 qum
588 1573 706 1626 altiorem
722 1571 884 1644 antiquitetis
902 1569 1080 1644 cognitionem
1095 1574 1243 1646 requirunt.
1260 1575 1312 1626 Vel
1325 1575 1379 1628 sols
1390 1595 1458 1646 pm·

391 1657 460 1721 settis
474 1654 609 1708 materiam
624 1651 793 1724 suppeditare
806 1665 893 1723 posset
907 1651 997 1704 libello
1016 1650 1050 1705 de
1064 1653 1106 1706 liis
1122 1655 1201 1707 rebus
1225 1651 1298 1707 1111
1311 1655 1398 1708 inutili
1413 1666 1458 1710 ant

396 1735 509 1806 ingrato.
532 1734 603 1785 Τιιιι
625 1730 731 1785 demum
756 1730 861 1784 florebit
882 1730 1037 1803 philologis
1056 1732 1193 1798 studium,
1219 1747 1276 1787 turn
1304 1733 1411 1788 demum
1431 1747 1458 1789 et

395 1815 474 1886 pueri
488 1811 571 1866 avidis
583 1811 691 1865 auribus
705 1811 846 1882 accipient,
862 1808 990 1882 quicquid
1001 1809 1034 1864 ad
1044 1812 1215 1884 explicandos
1220 1826 1340 1868 suctores
1347 1812 1457 1868 uadunt

396 1893 529 1964 magistri,
545 1893 643 1944 sicum
661 1891 757 1960 lingue
771 1891 870 1944 butino
891 1887 979 1942 studio
995 1891 1139 1963 antiquaria
1155 1906 1181 1945 et
1200 1893 1325 1947 historice
1340 1895 1457 1965 cognitio

395 1972 447 2025 rite
463 1970 645 2042 conjungitur.
673 1969 756 2022 Multa
775 1970 853 2022 etiam
872 1967 906 2022 de
925 1969 967 2022 his
987 1972 1066 2024 rebus
1085 1973 1210 2044 praeclare
1228 1973 1361 2045 scripsisse
1377 1972 1456 2028 rideo

395 2051 570 2121 Longolinm,
589 2049 764 2112 iambicum,
784 2050 916 2121 Magium
936 2047 983 2102 ted
999 2051 1114 2116 multos,
1129 2051 1176 2122 qui
1189 2061 1234 2105 eos
1256 2053 1367 2106 insecuti
1381 2066 1454 2120 sunt,

395 2143 626 2194 commentatores,
647 2140 693 2181 aut
711 2129 855 2200 neglexisse
873 2129 1056 2201 antiquitates,
1080 2143 1125 2183 aut
1140 2149 1199 2202 qun
1214 2129 1248 2185 de
1267 2133 1304 2185 eis
1323 2151 1457 2206 congesse-

395 2223 471 2276 runt,
486 2211 557 2263 inani
568 2207 747 2281 disputatione
768 2221 894 2280 tantoque
911 2208 1051 2263 involvisse
1066 2212 1208 2263 verborum
1221 2212 1335 2278 ambitu,
1355 2225 1453 2267 utnon

395 2291 470 2344 lacile
486 2301 579 2344 notem
595 2301 622 2342 et
637 2289 774 2360 pmnipere
788 2291 870 2360 possit
885 2289 968 2341 lector
981 2287 1023 2352 id,
1038 2288 1111 2362 quod
1128 2289 1162 2342 sd
1175 2309 1229 2344 rem
1248 2293 1372 2362 pertinet.
1384 2293 1455 2346 Cou-

394 2369 445 2422 suli
457 2369 524 2423 solet
541 2370 569 2422 in
584 2366 737 2422 evolvendis
756 2369 907 2422 unctoribus
926 2369 1040 2422 Lexioon
1056 2370 1243 2442 antiquitstum
1258 2371 1453 2438 llousautrum,

394 2469 426 2503 ex
436 2461 511 2521 parte
526 2449 605 2502 etiem
620 2446 654 2500 ad
672 2449 739 2502 ritus
756 2447 911 2502 Grnoorutu
928 2449 1080 2520 pertinens,
1100 2447 1171 2520 quod
1188 2469 1202 2502 ι
1218 2451 1328 2503 Sum
1342 2453 1450 2514 Pitisce,

394 2547 494 2600 magno
506 2526 664 2582 eruditionis
674 2527 747 2593 viro,
769 2528 945 2590 elaboratum,
964 2529 1050 2582 tribus
1065 2529 1244 2583 voluminibus
1257 2529 1359 2602 prodiit
1374 2532 1453 2604 lisga

393 2607 530 2663 Comitum
546 2607 637 2678 1737,
656 2625 714 2661 mea
729 2625 761 2660 ex
774 2607 899 2660 editione.
920 2605 952 2660 ld
965 2607 1095 2673 lexicon,
1108 2609 1228 2682 quamvis
1242 2629 1258 2662 e
1270 2609 1451 2666 011111οΝ-

393 2688 519 2758 noviique
536 2687 692 2753 Thestoris,
715 2687 857 2758 multisque
883 2687 941 2739 aliis
962 2688 1067 2741 elibris
1088 2701 1257 2760 congestum,
1279 2690 1322 2742 vix
1339 2691 1452 2763 explebit

391 2767 577 2839 antiquitatum
605 2767 771 2820 sciscitatoris
801 2763 952 2832 desideria,
981 2779 1107 2839 apparatu
1139 2769 1283 2839 presertim
1319 2769 1450 2826 librorum

393 2845 521 2901 destituti.
532 2847 626 2899 Inveni
639 2866 662 2900 e.
676 2865 701 2918 g.
721 2847 828 2900 omissas
843 2864 919 2898 voces
938 2845 1045 2910 Poecile,
1065 2859 1092 2899 et
1109 2844 1210 2920 deque
1232 2857 1310 2920 supra
1325 2851 1450 2916 tracturi,

389 2927 530 2998 penetrum.
558 2925 614 2979 Sub
636 2929 773 3000 gynoees'eam
793 2945 840 2980 sen
864 2929 1022 2996 meconitis
1042 2945 1126 2998 pauca
1153 2923 1261 2981 collecte
1286 2943 1362 2995 sunt,
1393 2931 1451 2984 illu·

391 3004 505 3060 stronde
524 3005 563 3058 illi
575 3004 777 3070 consuetudini,
791 3004 824 3059 de
840 3023 892 3077 qua
908 3005 1025 3076 loquitur
1040 3005 1143 3078 Nepos,
1164 3008 1252 3060 minus
1270 3005 1373 3062 idonea.
1394 3011 1450 3064 Nee

392 3085 477 3140 otium
492 3087 623 3157 suppetit,
647 3103 696 3138 uec
708 3085 817 3138 fortusse
827 3085 980 3138 suffecerint
991 3087 1061 3140 vires
1074 3085 1108 3138 ad
1124 3085 1306 3158 explicandam
1319 3089 1346 3141 in
1359 3089 1449 3144 multis

390 3165 504 3219 auctoris
523 3165 607 3218 nostri
629 3165 694 3218 locis
719 3165 908 3236 antiquitatem.
935 3164 1090 3236 Specitninis
1115 3167 1174 3218 loco
1197 3167 1296 3240 aliquot
1320 3169 1449 3223 exhibebo

388 3243 591 3298 obseruationes.

430 3323 481 3376 ΠΙ.
503 3323 629 3395 Quisquis
644 3321 791 3376 litterarum
811 3321 964 3376 amarum
980 3340 1034 3377 nou
1050 3323 1160 3379 omuino
1182 3343 1275 3398 expett
1295 3337 1348 3392 est,
1364 3329 1449 3382 offen-

389 3401 469 3461 detur
486 3403 573 3455 statim
590 3403 649 3454 loco
671 3403 717 3455 illo
737 3403 855 3456 Cornelii
878 3403 906 3456 in
930 3403 1105 3475 prefatione:
1137 3405 1243 3458 ailulis
1267 3407 1452 3462 Letedemonl

394 3496 468 3536 atam
481 3494 520 3535 est
535 3481 631 3536 nobilis
645 3481 740 3547 vidua,
766 3499 825 3554 que
841 3501 896 3535 nou
915 3481 949 3536 11
967 3500 1070 3537 scenam
1090 3497 1132 3537 eat
1148 3483 1271 3539 mercede
1282 3485 1421 3542 conducta.
1433 3515 1444 3536 a

388 3564 505 3627 Scimus,
523 3559 735 3614 Leoedtemouios
755 3581 771 3615 e
787 3562 844 3633 lege
862 3563 979 3634 Lycurgi
999 3562 1069 3617 ludis
1087 3565 1196 3618 scenicis
1217 3583 1263 3618 sen
1278 3565 1449 3622 tbnmlibct

387 3643 498 3697 omnino
513 3641 677 3696 abstinuisse.
697 3641 830 3695 bienilcsti
840 3655 902 3695 sunt
910 3643 963 3696 loci
974 3643 1174 3716 Xenophontis.
1191 3647 1238 3717 qui
1251 3645 1386 3701 lumilisris
1398 3648 1450 3700 tait

388 3723 513 3796 Agesilai,
531 3735 558 3775 et
573 3721 720 3787 Plutarchi,
742 3723 788 3793 qui
809 3735 914 3775 centum
931 3734 992 3795 post
1006 3723 1160 3778 Cornelium
1176 3725 1251 3778 sortis
1264 3727 1380 3798 sempsit,
1394 3743 1450 3779 otu·

388 3818 503 3873 nemque
516 3799 610 3854 adimit
624 3802 832 3867 excusationem,
851 3801 923 3854 huuc
938 3821 992 3854 nou
1013 3800 1047 3854 de
1066 3803 1200 3857 Pausania
1216 3815 1242 3858 et
1255 3807 1379 3878 Agesilai,
1401 3804 1447 3860 sed
1539 3821 1542 3832 ’

388 3880 422 3936 de
438 3901 485 3936 suo
499 3882 581 3954 ipsius
599 3892 718 3954 tompore
732 3881 825 3954 loqui,
846 3897 929 3952 quum
940 3881 1056 3954 Lycurgi
1069 3883 1137 3954 leges
1147 3885 1200 3955 jam
1218 3898 1302 3938 essent
1315 3885 1444 3940 obsoleto.

389 3963 423 4014 Et
435 3963 457 4015 si
470 3979 601 4033 unquam,
616 3974 742 4034 corrupto
757 3961 796 4014 rei
807 3959 920 4032 publice
931 3973 1015 4025 statu,
1025 3961 1217 4016 Lacedaemonii
1229 3965 1299 4036 leges
1314 3983 1371 4020 suas
1382 3964 1447 4018 adeo

387 4043 574 4112 neglexerunt,
593 4055 625 4094 ut
639 4059 722 4094 scene
735 4059 842 4113 operam
854 4038 963 4108 darent;
984 4059 1032 4094 cur
1044 4060 1100 4113 prm
1113 4045 1213 4097 caeteris
1228 4043 1256 4096 in
1275 4059 1330 4098 tote
1345 4045 1447 4099 Gracia

387 4120 504 4187 leminis,
518 4119 724 4176 becedemonim
736 4119 823 4175 viduo
842 4121 927 4174 nobili
942 4121 1088 4192 tribuetur,
1100 4121 1174 4194 quod
1186 4123 1238 4177 nisi
1256 4139 1305 4197 per
1324 4123 1447 4182 intudem
