3200 5130
391 483 435 559 52
659 481 924 554 CORNELII
950 480 1178 550 NEPOTIS

385 615 581 712 implicitum
602 615 700 709 rebus
718 611 935 698 sublevasset,
955 636 1076 704 magno
1095 636 1165 682 esse
1189 611 1220 680 ei
1241 613 1376 704 praemio
1393 612 1445 682 fu-

385 739 538 793 turum.»

436 833 477 898 V.
503 830 563 896 His
589 827 686 896 rebus
712 825 828 920 ephori
856 825 1018 918 cognitis,
1042 825 1141 893 satius
1166 837 1387 919 putaverunt,
1409 825 1445 890 iu

382 935 465 1004 urbe
490 958 566 1002 eum
588 931 833 1028 comprehendi.
863 933 941 1020 Quo
967 954 1069 1024 quum
1096 944 1204 1000 essent
1225 928 1386 1024 profecti,
1410 943 1445 998 et

381 1041 579 1125 Pausanias,
604 1038 733 1133 placato
761 1035 901 1131 Argilio,
921 1050 959 1104 ut
985 1036 1140 1129 putabat,
1171 1033 1443 1104 Lacedaemonem

383 1159 622 1231 reverteretur,
642 1147 675 1212 in
688 1145 819 1230 itinere,
837 1167 941 1236 quum
953 1143 1021 1235 jam
1036 1143 1072 1210 in
1088 1167 1128 1210 eo
1150 1155 1253 1225 esset,
1272 1139 1328 1209 ut¹
1345 1165 1442 1210 com·

381 1252 656 1348 prehenderetur,
674 1247 800 1317 evultu
815 1247 986 1340 cujusdam
1006 1247 1137 1343 ephori,
1156 1247 1305 1342 quicum
1326 1245 1442 1316 admo·

356 1377 459 1428 *nere
480 1357 658 1451 cupiebat,
675 1354 806 1423 insidias
828 1354 890 1422 sibi
911 1352 982 1422 lieri
1000 1349 1165 1422 intellexit.
1187 1356 1304 1447 Itaque
1329 1354 1443 1448 paucis

382 1479 458 1532 ante
475 1462 646 1558 gradibus,
658 1483 758 1555 quam
773 1462 829 1552 qui
840 1459 1079 1554 sequebantur,
1094 1461 1127 1528 in
1142 1457 1245 1528 aedem
1265 1459 1442 1547 Minerva,

383 1594 455 1664 quae
469 1567 674 1637 Chalcioecos
690 1563 859 1650 vocatur²,
877 1565 1037 1659 confugit.
1056 1565 1142 1634 Hinc
1158 1590 1199 1632 ne
1213 1567 1302 1634 exire
1313 1580 1444 1660 posset,

383 1677 491 1744 statim
516 1673 632 1767 ephori
654 1671 766 1740 valvas
786 1672 856 1764 ejus
874 1671 951 1741 aedis
967 1656 1235 1748 obstruxerunt³,
1253 1685 1442 1766 tectumque

382 1795 460 1850 sunt
477 1778 639 1864 demoliti,
657 1803 723 1872 quo
745 1777 870 1846 facilius
889 1777 1042 1848 subdivo
1064 1778 1221 1846 interiret.
1241 1777 1388 1864 Dicitur,
1402 1801 1444 1846 eo

382 1901 532 1981 tempore
550 1899 690 1952 matrem
713 1885 881 1954 Pausaniae
904 1885 1045 1970 vixisse,
1075 1906 1213 2020 eampue
1227 1885 1295 1976 jam
1319 1907 1445 1978 magno

384 2008 482 2078 natu,
501 2006 676 2086 postquam
698 1989 739 2058 de
762 1987 885 2059 scelere
902 1988 959 2057 filii
983 1991 1145 2082 comperit
1169 2041 1178 2076 ,
1201 1989 1234 2056 in
1252 1987 1383 2084 primis,
1400 1989 1445 2057 ad

384 2097 487 2168 lilium
509 2097 746 2182 claudendum,
768 2094 909 2190 lapidem
931 2095 972 2162 ad
995 2096 1165 2163 introitum
1187 2093 1264 2163 aedis
1287 2092 1442 2164 attulisse.

387 2205 440 2275 Sic
462 2205 638 2272 Pausanias
656 2223 810 2298 magnam
829 2199 904 2269 belli
923 2199 1060 2294 gloriam
1077 2201 1169 2295 'turpi
1186 2186 1313 2269 morte⁵
1332 2224 1445 2270 macu-

387 2395 491 2443 Terent.
512 2387 625 2459 Adelph.
636 2389 672 2454 V,
688 2389 720 2451 8,
739 2396 790 2458 193
807 2387 892 2440 Plaut.
937 2401 1012 2440 mum
1028 2387 1117 2460 Nepos
1138 2387 1274 2458 sequitur,
1292 2388 1328 2440 sit
1342 2389 1369 2466 sb
1383 2387 1444 2458 lepis

268 2491 271 2503 .
388 2467 511 2521 bacchid.
525 2469 615 2532 111‚6‚
630 2468 739 2532 3;Suet.
753 2469 780 2518 ln
789 2467 850 2520 Tib.
859 2467 894 2519 X.
939 2473 981 2528 τῆς
995 2467 1149 2521 Χαλκιοίκου.
1159 2465 1238 2519 Unde
1252 2465 1286 2518 sd
1297 2467 1449 2519 Minervam

428 2548 537 2600 (λιν.
549 2555 573 2600 t.
589 2547 667 2616 Quum
674 2549 727 2617 jam
741 2551 766 2598 in
778 2567 806 2597 eo
817 2559 890 2608 esset,
937 2547 1038 2599 referre
1052 2546 1151 2598 malim.
1167 2547 1206 2598 Ita
1218 2543 1397 2612 Diodorum.
1414 2547 1432 2598 l.

389 2639 428 2690 ut,
441 2639 490 2680 etc.
499 2627 558 2692 Qua
566 2626 700 2680 locutione
709 2625 838 2698 imprimis
849 2625 895 2678 de·
982 2627 1006 2678 3.
1016 2627 1111 2696 Ephori
1117 2626 1200 2676 ualuas
1210 2629 1260 2695 ι’]’ω
1271 2626 1446 2678 adstruxerunt.

388 2709 501 2760 lectatur
511 2720 609 2759 noster.
620 2703 789 2758 Miltiadvn
798 2744 805 2772 ,
814 2724 843 2757 ac
853 2721 897 2757 san·
940 2705 1001 2757 Nou
1017 2705 1148 2776 ephoros,
1159 2715 1262 2776 putrem
1276 2723 1341 2756 vero
1359 2703 1447 2776 ipsum

389 2783 895 2860 pissi'me.—Eonltncujusdornepliorl.
940 2785 1090 2856 Pausanias,
1113 2802 1156 2836 eas
1175 2784 1334 2837 obstruxisse
1356 2797 1448 2838 narmt

390 2869 463 2919 Duos
493 2866 538 2918 bic
564 2865 678 2935 ephoros
709 2869 898 2916 commemorat
940 2862 1104 2916 Plutarchus.
1114 2864 1174 2928 Qua
1183 2864 1448 2918 tameninreerme

391 2943 576 3016 Thucydides,
595 2961 710 3014 quorum
727 2939 792 2994 alter
807 2942 898 3006 vultu,
940 2941 1067 2995 videtur:
1086 2940 1115 2994 id
1133 2943 1204 2996 enim
1220 2940 1255 2994 de
1273 2955 1355 2995 matre
1373 2945 1448 3016 ejus,

392 3025 457 3077 slter
478 3037 554 3076 motu
578 3020 741 3075 clandestino
763 3021 897 3074 innuebat.
941 3021 984 3074 cui
1000 3039 1096 3074 nomen
1111 3022 1152 3074 rel
1164 3022 1370 3086 Aluuemel,
1382 3035 1450 3077 teste

393 3133 434 3148 ...
450 3104 530 3173 Quum
547 3103 587 3173 qul
605 3100 768 3171 sopiebantur.
786 3099 899 3170 Compre-
942 3101 1082 3172 Polyaeno,
1097 3101 1206 3153 Theano
1230 3113 1303 3167 erat,
1321 3099 1448 3156 traditum

395 3183 538 3244 henderent,
556 3191 600 3230 aut
619 3180 731 3231 similem
751 3177 829 3231 aliam
851 3197 899 3231 vo·
942 3181 1031 3251 plures
1043 3193 1159 3232 narrum.
1172 3211 1213 3225 -
1225 3179 1276 3234 Sub
1289 3181 1350 3234 diro.
1368 3184 1449 3254 Aper-

395 3279 452 3314 cern
473 3256 647 3332 supplendam
667 3258 831 3311 existimabat
846 3259 900 3311 Bo·
943 3271 972 3311 to
986 3258 1060 3313 coelo.

395 3357 494 3393 cuna.
509 3339 592 3398 Ibant,
602 3339 736 3409 pergebant
743 3338 831 3391 mallet
839 3339 900 3391 Bos.
985 3345 1011 3402 d.
1032 3340 1163 3410 Postquam
1176 3340 1206 3392 de
1220 3341 1305 3392 soelere
1313 3339 1366 3408 filet·
1385 3359 1449 3392 can-

396 3419 505 3472 Frustra
521 3435 529 3472 :
545 3435 607 3470 nam
629 3417 726 3470 sufficit
745 3430 902 3489 praestatque
941 3423 1013 3488 perit.
1026 3418 1069 3471 Sic
1080 3417 1152 3490 apud
1165 3419 1226 3472 sul.
1238 3420 1299 3490 lug.
1310 3421 1428 3472 LXVIII
1442 3439 1448 3473 :

395 3499 500 3569 ‘vulgata
513 3497 601 3550 lectio.
949 3524 959 3544 ι
971 3497 1082 3556 ΜειεΙΙ..
1092 3511 1233 3570 postquam
1239 3497 1274 3552 de
1286 3495 1363 3552 rebus
1370 3499 1451 3570 Vaga

440 3597 466 3632 s.
482 3579 512 3630 In
529 3577 602 3629 edem
614 3577 743 3636 Minerva,
762 3595 815 3648 que
830 3577 903 3630 Cho!-
945 3577 1250 3648 actiacomperitnlltde
1260 3579 1350 3649 reipsa
1359 3580 1451 3631 confer

398 3663 480 3711 ciaeeos
499 3670 608 3709 uocatur.
627 3657 659 3708 lu
675 3673 769 3727 quam,
785 3655 902 3709 velutad
945 3659 1120 3730 patrem,qui
1135 3657 1237 3722 fllium,
1254 3658 1373 3712 Catilina
1385 3675 1451 3711 oon-

398 3738 519 3810 asylum,
528 3737 574 3808 qui
588 3737 774 3806 confugerant,
787 3735 903 3806 impuni-
946 3735 1028 3788 scium
1037 3739 1242 3808 ,jurepaterno,
1251 3735 1452 3792 damnatneoet-

397 3831 450 3872 tate
483 3815 659 3870 donabantur.
686 3815 830 3868 Choloe’oecos
859 3815 903 3867 alii
946 3832 1006 3885 que.
1021 3815 1081 3869 Sall.
1097 3817 1154 3870 Cet.
1168 3817 1387 3870 xxm-1»
1398 3821 1451 3886 pri·

399 3897 434 3951 sd
448 3895 545 3964 edem,
560 3909 590 3950 ut
604 3897 633 3948 in
645 3895 697 3948 Tit.
714 3894 772 3948 Liv.
785 3893 903 3959 XXXV,
947 3899 999 3948 mis.
1010 3893 1062 3948 llic
1071 3896 1264 3967 proprie5uana
1275 3895 1395 3968 exemplo
1407 3895 1452 3948 ills

401 3977 459 4042 36,
480 3976 524 4029 alii
544 3973 578 4030 ad
601 3977 748 4030 Minervam
776 3973 902 4026 referunt.
944 3973 1219 4047 preivit,Diodorus,
1232 3976 1343 4040 XI,45.
1357 3975 1426 4028 Tea.

296 4115 306 4137 ·
400 4055 570 4127 Thucydides
594 4073 680 4120 vero,
702 4069 781 4125 quern
799 4053 903 4124 potissi·
990 4045 1017 4108 5.Ἰ
1043 4055 1118 4125 Turpi
1148 4067 1228 4108 morte.
1261 4057 1340 4108 Fame
1374 4055 1453 4126 periit
