3284 5150
407 479 476 552 186
663 483 930 552 CORNELII
956 483 1192 552 NEPOTIS

400 628 531 689 revera,
543 604 628 673 sicut
638 619 726 692 sunt,
735 607 928 674 mercenarii
942 606 1056 675 scribae
1069 607 1296 674 existimantur
1306 621 1356 674 :at
1369 608 1456 701 apud

399 707 471 778 illos
492 711 657 779 contrario
671 735 768 780 nemo
786 710 827 779 ad
846 711 879 779 id
891 710 1039 781 officium
1057 711 1325 797 admittitur,nisi
1337 711 1455 782 boues·

398 828 434 884 to
456 814 546 901 loco,
565 831 599 885 et
624 815 689 884 fide
708 831 742 886 et
760 815 919 887 industria
939 818 1092 911 cognita3
1117 817 1206 910 quod
1232 841 1365 886 necesse
1389 834 1456 902 est,

398 923 546 990 omnium
566 921 775 992 consiliorum
800 947 877 992 eum
902 947 972 992 esse
993 925 1196 1018 participem.
1226 926 1325 994 Hunc
1347 922 1456 994 locum

397 1028 502 1095 tenuit
522 1015 693 1098 amicitiae⁶
712 1028 802 1124 apud
826 1027 1014 1122 Philippum
1032 1053 1136 1099 annos
1157 1043 1292 1124 septem.
1319 1028 1381 1098 Illo
1401 1033 1456 1098 in-

397 1131 551 1218 terfecto,
561 1134 677 1204 eodem
692 1135 798 1231 gradu
813 1135 875 1204 fuit
888 1134 977 1229 apud
990 1133 1214 1204 Alexandrum
1232 1159 1341 1204 annos
1352 1137 1457 1206 trede-

396 1237 487 1306 cim⁷.
509 1241 698 1310 Novissimo
717 1255 866 1335 tempore
887 1240 1017 1335 praefuit
1036 1243 1134 1310 etiam
1153 1227 1281 1310 alterae'
1306 1244 1456 1335 equitum

395 1343 454 1413 alae
465 1398 474 1432 ,
487 1370 560 1438 quoe
578 1346 730 1416 betaerice
742 1345 977 1441 appellabatur.
993 1348 1134 1440 Utrique
1149 1349 1305 1416 antemio
1319 1345 1456 1417 consilio

397 1474 526 1544 semper
547 1451 643 1520 affuit
651 1451 676 1538 ⁹,
697 1466 731 1520 et
751 1455 899 1522 omnium
925 1477 1035 1520 rerum
1056 1452 1186 1522 habitus
1208 1468 1257 1522 est
1280 1455 1453 1548 particeps.

450 1558 493 1624 ll.
513 1555 699 1626 Alexandro
724 1558 891 1652 Babylone
913 1573 1044 1627 mortuo
1056 1557 1077 1646 ¹,
1099 1583 1202 1652 quum
1222 1583 1323 1653 regna
1343 1561 1453 1654 singu-

397 1659 434 1730 lis
462 1661 676 1733 familiaribus
706 1663 975 1760 dispertirentur,
989 1679 1022 1734 et
1043 1689 1172 1734 summa
1194 1689 1303 1733 rerum
1333 1664 1454 1740 tradita

398 1782 482 1836 esset
493 1768 616 1837 tuenda
629 1770 754 1857 eidem,
766 1772 820 1840 cui
835 1769 1020 1840 Alexander
1033 1772 1175 1840 moriens
1189 1769 1348 1840 annulum
1358 1796 1455 1840 suum

397 1872 552 1962 dederat,
570 1875 752 1963 Perdiccam
768 1901 809 1946 ex
829 1901 896 1970 quo
919 1901 1035 1946 omnes
1054 1877 1281 1970 conjecerant,
1301 1900 1377 1946 eum
1401 1901 1451 1946 re·

398 2056 450 2110 vile
468 2058 546 2114 luisse
557 2062 703 2114 scribarum
717 2079 814 2114 munus
827 2060 906 2114 docet
947 2061 1014 2114 riam
1026 2058 1061 2114 de
1071 2061 1137 2114 aet.
1152 2061 1225 2114 Alex.
1240 2061 1328 2132 Magn.
1339 2061 1394 2126 vt,
1408 2062 1451 2115 ra.

399 2137 512 2205 Petitur,
521 2139 700 2196 commentar.
712 2139 745 2194 ad
756 2141 825 2212 leges
838 2142 905 2195 Atti·
989 2159 1015 2210 9.
1025 2142 1056 2194 Ia
1064 2141 1161 2194 consilio
1171 2159 1261 2212 semper
1269 2141 1453 2208 asfiu'r.Tsraen

398 2234 457 2282 cas,
469 2219 524 2283 111,
542 2240 567 2274 s.
947 2219 1061 2274 offendit
1075 2218 1268 2283 Alexandrum,
1278 2220 1366 2292 primo
1374 2239 1455 2293 prop·

439 2302 464 2350 6.
474 2300 548 2352 Hunc
559 2301 635 2352 heros
652 2305 726 2352 tenud
733 2303 853 2352 micam.
863 2298 904 2353 Ad
948 2312 988 2352 ter
1000 2299 1228 2372 Hephaestionem,
1237 2297 1335 2353 deinde
1343 2313 1454 2371 propter

398 2376 521 2430 eumdem
537 2378 647 2432 modurn
658 2381 804 2452 loquuntur
817 2379 904 2451 puris·
947 2379 1095 2432 simulatam
1111 2380 1212 2450 argenti
1227 2379 1363 2452 inopiam,
1376 2379 1413 2432 ita
1424 2393 1454 2432 ut

398 2455 457 2509 simi
468 2458 619 2529 scriptores,
627 2478 661 2512 ne
669 2461 728 2530 quis
738 2459 767 2512 in
778 2459 903 2512 Cornelio
947 2459 1144 2512 tabernaculum
1154 2459 1280 2513 Eumenis
1289 2456 1394 2512 iacendi
1401 2461 1454 2530 jus·

399 2535 503 2608 Nepote
509 2537 845 2594 seculum'l'beodosiauum
859 2557 902 2610 ag·
946 2539 1022 2604 serit,
1035 2550 1063 2591 et
1070 2535 1224 2592 mendacem
1233 2539 1453 2610 lueritexpenm

399 2633 506 2670 noscere
517 2616 748 2684 codiciacam,
762 2618 809 2672 lib.
824 2620 853 2684 1,
869 2617 903 2672 de
946 2637 1060 2689 quocum
1076 2631 1164 2672 tamen
1181 2618 1209 2670 iu
1225 2619 1335 2690 gratiam
1355 2615 1452 2690 rediit,

397 2695 903 2769 RelloGsll.c.XX:·Quumipseeum
946 2699 1111 2770 temporibus
1120 2699 1247 2751 inservire
1256 2697 1340 2770 probe
1348 2695 1451 2750 doctus.

397 2773 485 2829 locum
496 2779 617 2831 amicitias
628 2777 698 2850 apud
713 2797 775 2832 eum
788 2791 902 2844 teneret,
947 2776 1018 2831 Vide
1026 2778 1096 2830 Plut.
1113 2779 1289 2830 EumenVsrs
1300 2777 1452 2830 Saxum.

397 2867 447 2907 ete.
463 2881 474 2902 ι
492 2857 635 2910 Grsussn.
986 2856 1050 2910 Car.
1068 2857 1103 2909 11.
1125 2876 1148 2910 1.
1166 2857 1309 2910 Alexandro
1328 2855 1453 2926 Babylone

438 2953 464 3004 7.
477 2937 563 2988 Arsaos
577 2937 693 2990 tredecim.
706 2938 740 2990 At
754 2935 903 2991 Alexander
946 2949 1045 2990 marso.
1067 2937 1183 3008 longior
1206 2937 1283 2990 solito
1306 2933 1452 3008 periodus,

397 3017 515 3084 regnavit
532 3029 634 3070 tantum
650 3033 731 3068 annos
744 3014 901 3076 duodecim,
945 3017 1141 3089 multarumque
1161 3016 1349 3070 sententiarum
1369 3015 1453 3068 iuter·

397 3110 498 3147 menses
513 3108 587 3158 octo,
601 3109 631 3149 ut
640 3093 722 3148 tradit
732 3097 858 3148 Arrianus
868 3095 903 3151 de
945 3097 1078 3167 positione
1099 3096 1232 3168 perplexa.
1250 3096 1452 3148 Connectuntur

397 3171 564 3243 expeditione
588 3173 746 3239 Alexandri,
765 3177 833 3240 VH,
856 3180 900 3232 aa.
946 3189 1033 3228 autem
1044 3176 1100 3228 baec
1110 3193 1170 3228 cum
1182 3175 1268 3228 verbis
1278 3193 1283 3227 :
1295 3174 1338 3226 lsoe
1351 3185 1453 3245 tempm

397 3250 524 3305 Praeterea
538 3254 680 3307 novissimo
695 3268 814 3326 tempore
828 3257 902 3327 equi·
945 3255 1004 3306 date
1018 3267 1061 3308 est.
1077 3255 1116 3308 Ita
1131 3274 1188 3327 cap.
1205 3255 1254 3306 111.
1267 3253 1328 3306 Tse.
1343 3253 1450 3306 Mortuo.

396 3341 453 3381 tum
470 3331 516 3384 alae
531 3334 646 3403 prefuit.
659 3335 744 3406 Igitur
758 3335 845 3388 miuus
859 3353 901 3388 ae·
945 3335 1055 3406 Elongo
1067 3347 1263 3407 tempore,quo
1272 3332 1383 3387 cadaver
1395 3334 1451 3405 ejus

396 3422 486 3462 curate
498 3413 587 3466 refert.
602 3413 748 3467 Tnehuolr.
945 3414 1106 3486 insepultum
1118 3414 1212 3485 jacuit,
1222 3411 1293 3466 haud
1309 3413 1373 3465 salso
1387 3431 1452 3466 con·

437 3493 462 3545 8.
484 3491 588 3546 Altero.
606 3493 673 3558 Qse
689 3492 797 3564 quidem
818 3493 901 3546 lomna
942 3494 1045 3563 jicitur,
1061 3511 1164 3547 veneno
1184 3511 1239 3546 non
1258 3493 1337 3545 fuisse
1352 3492 1452 3545 extinc-

396 3586 410 3620 a
424 3572 599 3641 grammaticis
614 3574 746 3626 veteribus
763 3574 900 3644 probatur.
945 3571 1451 3642 tum.Vid.Plut.Alex.-Quussregss

396 3648 901 3718 Maximianum.-A1oe.1odi-
944 3654 1045 3722 singulis
1071 3653 1234 3721 familiaribus
1261 3651 1450 3721 dispertirentur.

395 3741 492 3785 cuntur
502 3733 622 3804 equitum
633 3731 752 3796 ordines,
766 3731 839 3804 quod
848 3733 900 3784 sla·
945 3735 985 3786 De
994 3750 1136 3805 regnorum
1150 3730 1291 3786 Alexandri
1303 3728 1450 3793 divisione,

395 3827 455 3862 sum
466 3811 523 3867 viee
532 3811 633 3884 pedites
642 3810 807 3884 teguntVid.
819 3813 900 3866 Prisc.
944 3811 998 3865 rid.
1006 3813 1143 3876 Curtium,
1157 3813 1242 3876 Just,
1253 3811 1345 3875 Oros,
1361 3809 1451 3862 Arria·

395 3889 440 3945 lib.
456 3893 689 3947 V1.-Heroers’ee.
702 3896 799 3946 Avoce
809 3911 900 3964 greca,
944 3911 1023 3957 num,
1032 3893 1180 3964 multosque
1195 3891 1259 3944 alios
1269 3908 1353 3963 quum
1365 3907 1451 3942 sacros

395 3972 502 4046 lampasi
511 4011 519 4038 ‚
528 3973 687 4040 socialis;its
699 3973 769 4046 apud
780 3971 901 4025 Macedo·
945 3984 1001 4024 tum
1015 3972 1141 4043 profanos
1154 3967 1453 4044 scriptorem—Perdic-

394 4052 902 4108 uesbonoriscausavocabatarabami·
945 4072 987 4104 ιω.
1012 4077 1022 4099 ι
1045 4053 1198 4105 Detractum
1219 4050 1346 4102 maulam
1368 4047 1454 4120 digito

394 4130 455 4186 citis
469 4147 496 4188 et
514 4131 651 4189 sodalitate
664 4133 744 4206 segis.
761 4131 831 4186 Vide
849 4135 900 4186 Ar·
945 4129 1077 4188 Perdicca
1093 4128 1333 4201 tradidit,adjectis
1347 4127 1456 4182 manda·
