3246 5134
598 501 914 575 aousrssus.
1217 529 1290 606 179

231 649 322 706 ratus
341 636 384 704 sit
409 633 576 704 fortunam
600 635 756 721 Graeciae,
778 635 866 728 quod
897 649 964 708 tam
988 635 1083 706 multi
1109 661 1129 706 a
1156 662 1190 708 se
1214 643 1293 712 victi

230 744 312 811 vitio
326 741 590 810 adversariorum
607 740 842 810 concidissent:
854 765 995 835 namque
1007 741 1061 810 illa
1073 742 1293 836 multitudine,

232 851 258 920 si
268 869 347 918 sena
359 867 452 916 mens
461 859 546 914 esset
552 848 704 932 Graeciae,
713 845 911 940 supplicium
926 847 1127 918 Persasdere
1136 854 1290 946 potuisse.

231 954 327 1024 Idem
346 977 448 1048 quum
470 950 675 1020 adversarios
693 953 781 1020 intra
799 955 920 1021 moenia
940 953 1169 1048 compulisset,
1187 972 1241 1046 et,
1255 975 1294 1028 ut

231 1059 435 1130 Corinthum
462 1072 685 1153 oppugnaret,
711 1056 807 1126 multi
836 1059 1075 1149 hortarentur3
1097 1065 1230 1158 negevit
1261 1065 1294 1134 id

233 1191 300 1236 sure
324 1165 436 1234 virtuti
460 1165 638 1232 convenire
651 1161 677 1249 ²3
690 1185 726 1232 se
745 1166 831 1232 enim
857 1189 934 1232 eum
955 1189 1041 1253 esse,
1060 1165 1156 1252 dixit,
1177 1170 1233 1265 qui
1251 1171 1291 1242 ad

231 1271 380 1342 officium
408 1284 582 1364 peccantes
604 1268 711 1338 redire
732 1283 887 1363 cogeret,
910 1295 978 1340 non
1001 1273 1058 1365 qui
1079 1273 1178 1344 urbes
1200 1276 1291 1344 nobi·

233 1376 369 1446 lissimas
390 1391 594 1470 expugnaret
616 1377 762 1444 Graecioe.
783 1377 895 1444 «Nam
914 1377 959 1463 si,
972 1379 1094 1473 inquit,
1112 1403 1168 1450 eos
1189 1383 1292 1450 estin·

231 1505 333 1578 gnere
356 1481 575 1568 voluerimus,
595 1483 652 1574 qui
675 1475 847 1551 nobiscum
874 1480 1032 1552 adversus
1055 1484 1213 1556 barbaros
1229 1503 1291 1558 ste-

232 1604 361 1675 terunt,
383 1588 573 1682 nosmetipsi
595 1609 656 1655 nos
678 1589 995 1681 expugnaverimus,
1019 1587 1080 1658 illis
1102 1593 1292 1686 quiescenti·

231 1680 326 1764 bus³:
349 1721 415 1790 quo
436 1694 523 1764 facto
546 1695 616 1762 sine
635 1694 791 1788 negotio,
809 1718 911 1787 quum
933 1693 1119 1782 voluerint,
1141 1721 1201 1768 nos
1227 1725 1291 1794 op-

231 1803 382 1896 priment
401 1829 418 1865 n
634 1879 637 1886 ,

283 1910 342 1978 vt.
354 1903 513 1977 Interim¹
534 1904 653 1975 accidit
670 1903 723 1976 illa
738 1904 906 1975 calamitas
924 1905 1013 2001 apud
1033 1909 1175 1978 leuctra
1194 1913 1294 1980 Lace

231 2013 420 2083 demoniis:
437 2037 504 2106 quo
530 2035 571 2080 ne
597 2011 884 2106 proficisceretur,
902 2037 1005 2106 quum
1027 2014 1227 2110 apierisqur.
1250 2017 1292 2086 ad

231 2118 415 2189 exeundum
428 2132 653 2214 premeretur,
666 2131 705 2186 ut
725 2119 752 2186 si
769 2117 810 2186 de
828 2119 917 2186 exitu
934 2117 1117 2207 divinaret,
1132 2124 1220 2191 exire
1233 2147 1291 2193 no·

231 2225 300 2295 luit.
314 2225 543 2319 Idem,quum
563 2223 809 2318 Epaminondas
829 2225 982 2318 Spartam
1002 2241 1230 2319 oppugnaret,
1242 2254 1291 2300 es·

229 2426 740 2502 superbientiglorirrione.-·-Vr'n‘oad·
783 2437 823 2478 ter
839 2444 866 2480 se
894 2424 1125 2480 imminuerentur.
1153 2419 1291 2498 Eiusmodi

231 2513 394 2561 nuenarius.
402 2507 547 2561 Pertinacis
557 2505 740 2576 etculpaoete·
782 2517 838 2558 erte
853 2504 961 2558 Grecos
974 2505 1044 2558 inter
1060 2523 1089 2558 se
1103 2507 1199 2562 collisit
1213 2513 1290 2564 Arta·

229 2606 322 2642 rorum
330 2582 739 2658 Grewmmquifrsdusadrer*
781 2601 892 2650 xerxes,
911 2584 950 2636 uti
975 2601 1057 2654 regno
1079 2603 1127 2640 suo
1148 2588 1234 2642 otium
1256 2591 1288 2642 eb

229 2685 274 2720 sus
295 2665 507 2720 Laeedoemonios
528 2665 669 2718 iniverunt.
697 2695 737 2707 -
780 2662 845 2735 ipds
867 2661 1047 2718 constitueret.
1070 2695 1111 2728 --Δ
1133 2664 1192 2724 Sine
1215 2687 1289 2739 nego-

229 2747 340 2820 quue
352 2744 737 2806 immoderationem
781 2747 823 2796 tr'o.
860 2743 964 2796 Scilicet
990 2743 1047 2798 siue
1075 2743 1189 2812 labore,
1215 2747 1288 2800 facil·

228 2840 289 2879 esset
295 2827 408 2888 Groecs'oe,
418 2824 504 2878 etc.1d
511 2838 683 2894 armumque
689 2841 737 2895 per
779 2822 857 2886 lime,
868 2823 967 2895 quippe
975 2823 1047 2876 bello
1060 2823 1131 2876 cirili
1142 2825 1246 2880 fructos.

227 2907 296 2960 hanc
310 2903 554 2970 multitudinem,si
567 2903 655 2956 Greci
665 2919 737 2974 sape·
819 2903 884 2955 Cur.
899 2902 948 2956 vt.
966 2921 989 2955 r.
1002 2903 1108 2955 Interim.
1123 2902 1285 2962 adverbium

228 2999 301 3052 rent,
309 2987 401 3040 Perses
413 2984 543 3055 supplicio
557 2983 627 3036 effici
636 2983 736 3054 potuis·
779 2985 885 3042 interim,
902 2994 932 3036 ut
950 2982 1047 3054 passim
1067 2984 1193 3054 temporis
1207 3004 1285 3040 voca.

227 3083 295 3132 se,e
319 3062 640 3136 Xenoph.Agesil.V11,
659 3063 685 3116 5.
707 3060 736 3114 Sr'
778 3061 946 3127 bule,latius
967 3061 1054 3114 velere
1072 3073 1143 3116 recte
1167 3065 1285 3118 animad-

228 3163 288 3196 σιω
310 3165 374 3197 mens
396 3155 463 3196 esset
484 3141 660 3196 Prmabistis
681 3143 736 3194 fere
778 3143 859 3196 vertit
871 3138 1002 3194 Schmied.
1027 3142 1089 3194 Duo
1103 3142 1175 3194 enirn
1195 3156 1221 3196 et
1244 3145 1284 3198 vi·

229 3221 735 3294 locutio,significens‚siGreciconsi·
771 3221 846 3292 giuti
854 3220 1105 3292 sonispostbellum
1114 3221 1284 3278 Corinthium

228 3301 259 3354 lii
268 3319 322 3355 non
334 3303 444 3357 fuissem
454 3313 581 3374 expertes.
593 3300 664 3354 Mem
674 3319 735 3353 suaa
777 3313 917 3353 consecuta
926 3313 1058 3372 estpugne
1066 3297 1211 3356 leucoics.
1221 3303 1284 3358 Vid.

230 3381 295 3436 slihi
310 3401 383 3436 mens
396 3383 466 3435 bons
486 3395 612 3446 rocemr,
626 3381 670 3433 cui
685 3399 734 3451 op·
778 3380 853 3434 Cors.
864 3380 893 3433 in
904 3379 973 3434 Fert.
984 3381 1038 3432 su.
1051 3391 1069 3432 t.
1081 3379 1130 3434 lv.
1138 3407 1179 3424 --
1187 3382 1243 3453 Quo
1255 3403 1285 3436 ne

227 3462 339 3534 ponitur
354 3479 416 3514 mens
434 3461 513 3523 mlo,
525 3471 552 3513 et
571 3461 645 3520 Ιανα,
661 3459 734 3512 utin
774 3457 970 3530 proficisceretur.
989 3456 1064 3528 Lege
1070 3458 1282 3529 proficiscerentur.

228 3541 306 3612 Virg.
322 3541 411 3614 Edog.
426 3543 456 3608 1,
467 3545 516 3596 162
527 3565 538 3588 ι
549 3539 578 3593 Si
592 3557 666 3592 mens
679 3555 733 3592 non
776 3537 873 3592 Senem
888 3551 943 3591 est:
953 3556 1032 3609 quesn
1051 3537 1183 3594 inlocum
1195 3561 1229 3596 ne
1244 3543 1283 3594 illi

224 3621 291 3675 lave
304 3621 403 3674 fuisset.
421 3645 433 3668 ι
777 3615 1283 3692 pergerent,ipse,quesierentumpro·

268 3699 499 3770 slvegavutdsuoe
507 3701 732 3751 uirtutieosaem're.
776 3694 1283 3768 mureupluribussdprofieiseendum

226 3778 299 3833 Vide
318 3780 443 3852 Xenoph.
464 3780 493 3832 in
509 3779 603 3850 Agesil.
615 3779 683 3843 vn,
701 3781 733 3842 6,
776 3776 853 3829 illum
863 3776 1031 3846 urgentibus,
1041 3775 1172 3846 proficisci
1183 3797 1282 3832 recuse-

226 3860 272 3931 qui
285 3878 342 3912 rem
355 3859 435 3934 paulo
445 3859 521 3912 aliter
530 3869 661 3912 namet·
669 3859 734 3910 Eum
777 3857 823 3909 rit.
832 3887 866 3898 --
876 3855 945 3916 Ursi,
955 3873 1004 3926 pro
1011 3859 1235 3928 quastusrupstur.
1243 3860 1283 3910 Its

226 3938 323 3993 meld
334 3953 387 4005 est,
400 3939 478 3992 telem
488 3978 497 4007 ,
507 3935 636 4010 ejusmodi
649 3936 734 3990 homi·
776 3935 805 3988 in
813 3934 1284 4001 Dione,1X;etDstarue,X1.Moles·

226 4037 303 4085 nem,
322 4019 368 4072 uui
389 4019 478 4072 animo
495 4016 646 4090 preditum.
775 4026 804 4069 te
819 4026 907 4067 autem
922 4031 952 4066 ea
967 4025 1008 4066 ter
1021 4027 1184 4082 occurrunt,
1198 4037 1285 4070 aeun-

267 4100 294 4152 3.
308 4099 362 4152 ltus
376 4099 553 4170 quincentum.
563 4096 624 4148 Non
636 4113 664 4148 se
676 4113 733 4148 mo·
776 4095 833 4146 dress
840 4131 848 4156 ,
864 4095 946 4156 exitu,
963 4096 1036 4146 eer're.
1058 4091 1137 4148 Unde
1152 4095 1288 4152 Rideffius

225 4179 361 4245 rentibus,
376 4177 462 4234 donee
476 4189 564 4249 partes
581 4174 677 4230 collis·
691 4174 732 4228 in·
777 4174 866 4228 omnia
880 4173 937 4227 hec
952 4185 1077 4245 corrupta
1091 4175 1151 4242 jure
1166 4189 1250 4250 putre.

1062 4253 1128 4324 ια’
