3246 5134
522 545 852 615 rrmorrmos.
1146 545 1215 616 133

153 675 370 762 Timotheus,
394 672 496 769 lisque
522 675 591 770 ejus
615 678 794 748 aetimatur
818 689 951 746 centum
978 675 1115 749 talentis.
1138 677 1216 764 ltte,

157 780 237 850 odio
251 782 387 874 ingrata
405 782 543 852 civitatis
561 797 708 870 coactus,
727 781 970 857 Chalcidemse
991 783 1131 855 contulit
1139 770 1160 851 ⁸.

210 887 271 954 lv.
285 886 393 979 Hujus
411 902 486 980 post
503 901 642 957 mortem
661 913 762 982 quum
782 888 940 983 populum
953 889 1066 981 judieii
1083 891 1133 958 sui
1150 915 1215 984 pm

160 992 294 1076 niteret,
316 991 427 1061 multae
448 1016 568 1062 novem
593 1008 702 1087 partes
721 993 877 1080 detraxit,
900 1007 932 1062 et
957 993 1071 1063 decem
1092 993 1215 1078 talenta

161 1099 351 1183 Cononem,
373 1095 477 1167 fllium
504 1099 588 1192 ejus,
609 1097 650 1167 ad
677 1101 761 1168 muri
785 1098 962 1194 quamdam
986 1115 1115 1194 partem
1139 1099 1213 1168 refi-

161 1202 311 1296 ciendam
336 1205 434 1296 jussit
459 1203 547 1274 dare.
575 1205 616 1277 In
638 1197 704 1299 qno
727 1205 866 1274 fortunae
887 1203 1045 1274 varietas¹
1066 1219 1115 1274 est
1140 1207 1212 1272 ani-

163 1308 343 1382 madversa.
373 1312 460 1380 Nam
492 1297 575 1404 quos
601 1335 682 1381 avus
709 1313 827 1380 Conon
857 1336 969 1383 muros
999 1336 1040 1379 ex
1069 1311 1213 1380 hostium

162 1413 272 1507 praeda
298 1416 410 1510 patriae
438 1418 640 1502 restituerat,
670 1417 802 1486 eosdem
838 1441 955 1511 nepos,
987 1440 1063 1484 cum
1085 1438 1215 1485 summa

162 1519 339 1613 ignominia
355 1521 498 1612 familiae,
515 1547 555 1591 ex
570 1547 629 1592 sua
643 1548 677 1591 re
693 1521 842 1592 familiari
855 1521 990 1592 reficere
1004 1535 1137 1591 coactus
1152 1534 1211 1589 est.

161 1625 323 1696 Timothei
338 1642 448 1697 autem
466 1628 643 1698 moderate
659 1629 877 1723 sapientisque
888 1626 977 1697 vitae²
989 1653 1091 1720 quum
1108 1625 1212 1721 plera·

163 1755 224 1824 que
242 1734 405 1826 possimus
425 1733 573 1827 proferre
592 1736 796 1820 testimonia,
814 1759 882 1804 uno
903 1735 1024 1802 erimus
1045 1733 1214 1820 contenti,

162 1837 251 1930 quod
263 1861 305 1906 ex
325 1861 366 1906 eo
388 1837 481 1907 facile
498 1839 616 1932 conjici
633 1841 771 1934 poterit,
789 1863 888 1932 quam
910 1862 1005 1909 carus
1025 1840 1090 1908 suis
1105 1837 1212 1906 fuerit

162 1943 276 2031 Quum
287 1943 424 2014 Athenis
437 1944 699 2016 adolescentulus
712 1969 843 2014 causam
859 1929 1012 2030 diceret³,
1024 1969 1091 2013 non
1107 1941 1212 2012 solum

161 2050 256 2117 amici
278 2051 463 2144 privatique
480 2052 625 2145 hospites
642 2050 683 2118 ad
701 2076 777 2119 eum
791 2049 1034 2120 defendendum
1051 2073 1212 2118 convene·

161 2168 258 2240 runt;
280 2155 453 2224 sedetiam
474 2158 507 2223 in
530 2159 576 2224 eis
596 2159 696 2234 Jason
717 2171 891 2250 tyrannus,
912 2157 968 2248 qui
989 2153 1043 2223 illo
1065 2168 1214 2248 tempore

161 2257 223 2328 fuit
237 2262 384 2329 omnium
397 2264 651 2355 potentissimus.
661 2263 724 2332 Hic
738 2286 840 2356 quum
853 2263 886 2328 in
897 2262 1002 2354 patria
1016 2261 1086 2327 sine
1101 2257 1214 2327 satelli·

162 2363 248 2434 tibus
268 2391 303 2434 se
324 2379 432 2434 tutum
449 2392 517 2436 non
538 2366 770 2453 arbitraretur,
789 2367 935 2436 Athenas
956 2366 1024 2434 sine
1046 2363 1113 2434 ullo
1131 2389 1213 2460 prae·

161 2469 242 2540 sidio
262 2473 378 2556 venit3
404 2474 550 2567 tantique
569 2472 732 2567 hospitem
752 2471 841 2560 fecit,
860 2485 897 2541 ut
918 2469 1081 2540 molletae
1099 2471 1215 2564 capitis

161 2576 343 2669 periculum
370 2578 480 2661 adire,
506 2601 605 2672 quam
634 2577 824 2663 Timotheo,
846 2576 998 2644 defama
1025 2575 1215 2662 dimicanti,

161 2680 272 2752 deesse
281 2671 303 2750 ⁴.
319 2687 425 2752 Eune
446 2686 602 2754 adversus
617 2697 727 2752 tamen
740 2681 933 2752 Timotheus
955 2695 1086 2774 postea,
1102 2679 1215 2774 populi

160 2785 267 2876 jussu,
294 2787 416 2859 bettum
448 2792 574 2885 gessit3
611 2791 788 2885 patriaeque
816 2789 977 2857 sanctiora
997 2787 1088 2878 jura,
1116 2808 1215 2878 quam

163 2891 314 2988 hospitii,
336 2919 406 2966 esse
421 2895 522 2964 duxit.
540 2899 620 2966 Haec
642 2909 787 2964 extrema
803 2893 865 2962 fuit
885 2906 962 2961 aetas
978 2893 1215 2984 imperatorum

164 3083 263 3154 phonte
286 3105 347 3141 eum
370 3089 502 3160 praecipue
523 3101 668 3142 accusante.
712 3087 811 3141 tionem
821 3088 980 3156 Corcyrecm
993 3095 1100 3156 spectat.
1112 3085 1216 3154 Deque

166 3163 234 3218 Vide
244 3167 406 3220 AElien.Ver.
418 3167 485 3222 tlte.
494 3169 574 3234 XIV,
583 3170 610 3222 3.
623 3191 628 3202 ·
712 3168 782 3220 conf.
795 3185 874 3238 supra
885 3184 944 3237 cep.
955 3165 990 3218 11.
1003 3195 1042 3207 -
1050 3165 1134 3216 Iason.
1148 3163 1216 3215 Phe·

203 3245 231 3297 8.
239 3245 376 3298 Chclctdem
385 3267 411 3298 ee
421 3249 528 3300 contulit.
540 3248 574 3300 Et
580 3249 608 3300 in
619 3246 670 3300 hoe
712 3265 802 3299 rarum
814 3247 842 3298 in
851 3244 983 3298 Thessalia
993 3256 1134 3316 tyrannm,
1144 3243 1218 3312 cujus

165 3323 242 3374 exitio
259 3325 313 3377 vira
334 3325 419 3380 oeeeit.
435 3325 533 3379 Confer
548 3327 668 3379 Peritum.
713 3325 856 3378 meminere
877 3323 1044 3394 Xenophon,
1069 3319 1219 3386 Diodorus,

166 3397 199 3452 ed
213 3402 378 3459 AElien.Ver.
392 3404 491 3458 Histoe.
505 3406 567 3472 111,
581 3412 628 3476 47.
713 3404 877 3468 Plutarchus,
884 3403 981 3474 aliique
991 3399 1221 3473 complentium-

203 3481 672 3538 cn.1V.1.F0»-emoevarteras..va·
713 3483 781 3536 rime
794 3483 906 3535 fortune
918 3483 1015 3534 vulnus
1025 3481 1134 3533 Pheraeo
1147 3480 1221 3532 Jaoo·
1285 3545 1288 3554 ι

165 3557 243 3612 rietee
249 3563 400 3635 estpropria
410 3563 531 3616 fortune.
541 3588 552 3610 ι
563 3563 671 3627 Cicero,
714 3563 742 3614 ni
753 3559 860 3634 quidem
872 3561 943 3613 exitii
954 3562 1010 3631 ejus
1024 3557 1137 3630 cupidus
1147 3558 1218 3609 intu-

166 3635 200 3690 de
211 3639 390 3707 Divinatione,
402 3642 448 3695 tib.
464 3642 501 3694 11.
713 3641 753 3694 tic
763 3641 829 3692 Nam
840 3659 923 3711 quum
933 3639 1002 3692 inter
1013 3636 1119 3691 insidias
1133 3635 1220 3707 gladio

206 3736 233 3770 a.
247 3719 382 3772 Moderata
390 3725 621 3793 sapientisqueoitoe.
632 3723 672 3772 De
714 3739 773 3772 eum
784 3719 964 3790 percussisset,
981 3717 1109 3769 vomicam
1119 3732 1192 3785 ‚qun
1204 3732 1219 3765 c

164 3793 297 3852 Timothei
326 3801 452 3872 capientia
493 3801 671 3852 testimoninm
715 3799 788 3852 nullo
801 3795 963 3850 medicorum
979 3795 1064 3847 sanari
1080 3803 1219 3866 potuerat,

164 3877 297 3948 egregium
317 3877 392 3932 dedit
411 3877 578 3950 Hegeaender
601 3877 671 3951 apud
715 3879 750 3931 ita
774 3877 861 3947 rupit,
877 3887 906 3926 ut
933 3874 1067 3926 hominem
1097 3872 1222 3943 pestifero

165 3955 319 4010 Atheoaeom
328 3999 335 4024 ,
344 3947 505 4032 descriptum
514 3960 547 4011 ab
557 3959 671 4022 AEliano,
715 3955 939 4009 mnloliberaret.·
952 3951 1097 4004 TesteVal.
1113 3951 1220 4003 Maxim.

165 4031 228 4088 Ver.
246 4035 454 4104 Histor.11,18.
716 4036 733 4088 l.
751 4037 779 4100 t,
790 4053 846 4104 cap.
863 4035 878 4085 8
896 4030 929 4084 de
943 4030 1093 4096 Miraculis,
1103 4042 1154 4081 ext.
1172 4034 1200 4082 6.

212 4113 237 4166 3.
248 4115 352 4168 Causam
366 4118 460 4174 diceret.
480 4115 513 4169 ld
528 4127 579 4180 eet,
597 4134 672 4168 aceu-
758 4121 783 4177 4.
793 4110 1027 4166 Βαιειὼοοιιιίοε
1036 4110 1094 4162 foro
1102 4107 1223 4180 desump-

170 4205 278 4247 uretm.
291 4196 375 4250 Came
388 4197 443 4268 ipen
451 4197 559 4251 alteram
571 4191 675 4266 expedi·
717 4204 758 4260 tn,
770 4193 814 4268 cui
824 4189 986 4247 contrarium
992 4200 1039 4314 eet³
1038 4189 1126 4242 adesse.
1134 4187 1219 4242 Hm.

995 4311 1018 4382 9
