3200 5130
454 521 457 526 ,
523 466 830 537 clusinus.
1160 475 1206 567 47

141 602 269 672 litteras
291 599 361 694 regi
382 598 548 684 redderet,
566 601 601 667 in
621 598 818 693 quibusbaec
830 598 929 670 firisse
938 599 1061 694 scripta
1073 602 1209 698 Thucy·

142 708 235 778 dides
255 709 423 776 memoriae
442 703 608 800 prodidit:
631 734 648 769 a
667 707 863 794 Pausanias,
881 705 949 774 dux
964 707 1109 801 Spartae,
1127 735 1210 803 quos

143 815 292 909 Byzantii
314 827 472 906 ceperat,
499 826 675 906 postquam
701 813 908 906 propinquos
930 827 1004 882 tuos
1031 817 1209 908 cognovit,

144 921 205 989 tibi
227 921 356 989 muneri
376 919 481 1004 misit;
504 941 603 1012 seque
624 932 735 986 tecum
753 917 913 987 affinitate
934 919 1091 1014 conjungi
1108 925 1210 1016 cupit.

144 1027 277 1115 Quare,
298 1027 325 1094 si
343 1024 403 1093 tibi
422 1023 574 1110 videtur,
595 1023 653 1092 des
671 1025 701 1092 ei
718 1023 820 1092 filiam
841 1039 933 1094 tuam
954 1040 1104 1118 nuptum.
1124 1026 1164 1096 Id
1184 1031 1210 1098 si

145 1130 276 1219 seceris,
294 1145 327 1199 et
351 1133 521 1226 Spartam,
542 1144 576 1198 ct
596 1143 740 1198 ceteram
763 1133 926 1200 Graciam
949 1131 1011 1198 sub
1032 1145 1123 1200 tuam
1145 1159 1208 1227 po-

144 1252 315 1325 testatem,
329 1262 363 1306 se
382 1237 574 1329 adjuvante,
592 1235 804 1304 redacturum
822 1235 1006 1332 pollicetur.
1026 1240 1087 1306 His
1102 1237 1142 1307 de
1156 1265 1207 1308 re·

145 1345 207 1413 bus
222 1346 249 1413 si
264 1343 342 1438 quid
356 1345 425 1438 geri
440 1341 602 1427 volueris,
614 1327 759 1412 certum³
771 1342 941 1412 hominem
957 1343 998 1411 ad
1011 1367 1086 1412 eum
1098 1347 1208 1414 mittas

144 1450 230 1540 iace,
253 1475 330 1519 cum
350 1473 417 1543 quo
439 1447 659 1543 colloquatur.
684 1477 701 1514 s
724 1450 814 1536 Rex,
837 1464 888 1518 tot
909 1450 1080 1519 hominum
1106 1450 1209 1521 salute

145 1570 212 1626 tam
237 1557 300 1626 sibi
322 1541 605 1626 necessariorum⁴
627 1577 828 1650 magnopere
855 1558 1008 1650 gavisus,
1035 1556 1208 1627 confestim

142 1687 219 1733 cum
240 1661 379 1758 epistola
389 1661 591 1732 Artabazum
607 1661 648 1730 ad
661 1663 854 1730 Pausaniam
870 1665 990 1732 mittit:
1010 1664 1044 1730 in
1057 1686 1122 1758 qua
1133 1687 1208 1732 eum

145 1768 329 1859 collaudat,
345 1793 384 1837 ac
394 1769 493 1863 petit,
510 1793 551 1836 ne
559 1770 613 1838 cui
625 1769 671 1836 rei
682 1783 798 1862 parcat
806 1768 849 1837 ad
860 1769 1122 1864 eaperficienda‚
1135 1795 1209 1864 quae

144 1876 343 1972 pollicetur:
363 1877 389 1945 si
413 1874 543 1960 feccrit,
562 1873 682 1943 nullius
702 1875 748 1943 rei
767 1871 789 1943 a
810 1899 844 1944 se
865 1873 1031 1970 repulsam
1054 1874 1208 1945 laturum.

144 1984 250 2077 Hujus
264 1984 440 2052 Pausanias
451 1980 620 2050 voluntate
634 1982 785 2075 cognita,
799 1980 939 2052 alacrior
953 1982 995 2052 ad
1006 2007 1077 2051 rem
1093 2007 1207 2077 geren·

143 2089 219 2158 dam
236 2089 361 2176 sactus,
379 2090 414 2156 in
427 2089 648 2183 suspicionem
663 2073 799 2156 cecidit⁵
814 2088 1151 2158 Lacedaemoniorum.
1167 2092 1207 2158 In

144 2219 209 2289 quo
220 2195 309 2264 facto
321 2195 458 2264 domum
466 2209 656 2276 revocatus,
674 2208 848 2264 accusatus
862 2197 995 2289 capitis,
1011 2194 1210 2284 absolvitur3

146 2301 304 2373 multatur
318 2316 429 2371 tamen
441 2303 590 2396 pecunia.
610 2301 720 2389 Quam
733 2299 777 2368 ob
796 2324 929 2370 causam
951 2300 993 2370 ad
1003 2300 1140 2371 classem
1153 2327 1208 2370 re.-

144 2410 261 2478 missus
279 2393 365 2477 ιιοη6
386 2421 444 2477 cst.

195 2516 257 2584 111.
278 2517 323 2584 At
338 2511 407 2603 illc,
419 2527 496 2608 post
512 2537 580 2582 non
599 2510 724 2600 multo,
740 2536 799 2580 sua
817 2511 954 2605 sponte¹
970 2514 1013 2582 ad
1030 2517 1210 2584 exercitum

185 2714 388 2772 &coement
400 2713 466 2767 fides
482 2713 576 2766 baberi
589 2733 654 2784 por·
699 2710 823 2782 Tbncyd.
845 2718 867 2768 l.
889 2711 968 2765 llnnc
992 2714 1138 2781 Diodorus,
1152 2717 1208 2782 XI,

144 2799 196 2864 tit,
215 2787 303 2867 lripa
321 2795 418 2848 πιστόν.
436 2790 560 2864 Thucyd.
588 2793 607 2846 l.
628 2811 651 2846 c.
698 2793 837 2863 στρατηγὸν
853 2803 936 2844 vocat.

144 2907 184 2922 -
200 2877 273 2928 Face.
289 2875 343 2928 Pro
366 2875 415 2926 lac.
432 2873 587 2926 Archaismo
609 2891 654 2925 co·
741 2873 767 2934 5„
781 2872 811 2923 ln
825 2875 979 2940 suspiciam
989 2873 1081 2926 cecidit.
1094 2877 1207 2928 Accusa-

145 2957 219 3009 micis
238 2956 421 3026 frequentato,
440 2970 519 3023 quem
532 2953 576 3005 bic
592 2952 655 3004 libri
700 2961 757 3004 tum
776 2968 832 3004 esse
852 2951 1096 3024 aPelopouucaiis,
1115 2956 1207 3008 scribit

146 3035 201 3088 tls.
224 3045 342 3088 tuentur.
360 3031 473 3085 Ovidius
487 3033 604 3104 pariter.
621 3030 656 3084 de
699 3028 1012 3095 Diodor.;seddamulta
1025 3051 1074 3086 nec
1086 3035 1207 3104 ipse‚uec

148 3115 248 3178 Ponto,
258 3113 302 3181 11,
320 3133 351 3178 a,
368 3109 401 3166 ad
416 3111 608 3165 Messalinum:
698 3108 822 3180 Thucyd.
831 3108 977 3182 quidquam
985 3109 1072 3166 tradit.
1081 3113 1204 3185 Thucyd.

172 3192 239 3232 iub·
249 3191 453 3245 bo.·rvtn‚qn·u
465 3192 520 3232 Μὴ
531 3192 586 3244 itm·
596 3190 656 3232 Μ·
700 3203 802 3243 tautum
819 3191 870 3256 ait,
891 3209 953 3244 eum
971 3193 1080 3264 privatis
1096 3194 1206 3264 quibus·

191 3279 217 3335 a.
242 3273 301 3324 Tam
317 3273 363 3324 ribi
378 3276 569 3325 necessariorum.
588 3271 657 3324 Tam
699 3267 760 3322 dam
776 3270 932 3324 criminibus
951 3271 1177 3341 condemnatum,
1194 3293 1208 3328 a

151 3364 180 3405 et
191 3351 303 3404 amicitia
313 3365 339 3405 et
349 3351 575 3422 consanguinitate
591 3369 656 3403 oon·
700 3349 820 3402 maximis
840 3350 997 3405 absolutum.
1014 3353 1074 3406 Bos.
1090 3352 1170 3424 Huc,
1182 3367 1208 3408 ct

146 3433 310 3504 junctorum.
320 3422 359 3484 lta
372 3430 443 3503 apud
453 3430 513 3484 Sall.
528 3431 654 3502 Jugurtb.
699 3447 759 3500 quai
773 3429 986 3501 subsequuntur,
1004 3433 1166 3503 rejicienda,
1186 3433 1208 3488 ai

148 3511 257 3564 vaa
268 3511 383 3584 Impellit
393 3524 423 3564 at
432 3512 544 3564 Romam
553 3509 587 3562 ad
596 3529 656 3562 suos
699 3505 851 3579 Thucydid.
863 3509 894 3573 1,
908 3509 963 3564 130
979 3529 1036 3583 sqq.
1044 3551 1052 3578 ‚
1070 3514 1207 3566 consulere

147 3596 289 3644 manas
307 3610 399 3664 aspere
417 3591 444 3642 iu
466 3590 603 3643 Metellum
623 3587 657 3642 dc
700 3601 727 3641 et
742 3585 834 3640 audire
851 3589 923 3643 ralia.

146 3671 217 3725 bello
230 3671 355 3724 scribut.
369 3697 380 3718 ι
392 3669 460 3722 Ibid.
474 3670 553 3723 ClIl:
564 3697 575 3718 ι
586 3669 658 3722 Tum
741 3672 767 3722 ti.
781 3667 900 3720 demissus
912 3689 960 3722 aon
972 3681 1015 3724 est.
1028 3671 1144 3742 Imperio
1159 3689 1207 3723 suo

147 3749 267 3804 Bocchus
284 3769 316 3804 ex
334 3751 408 3803 omni
423 3750 499 3823 copia
517 3753 657 3802 marisci-rb·
700 3746 813 3811 excidit,
839 3766 874 3801 ue
895 3747 1019 3803 vindictas
1040 3747 1206 3820 cupiditate,

147 3849 198 3882 rum
218 3831 337 3902 quinque
360 3829 473 3901 delegit,
494 3845 608 3900 quorum
631 3842 657 3883 et
701 3826 864 3880 traductitia
872 3842 1024 3900 aucipastas
1033 3829 1118 3898 copiis
1126 3829 1208 3900 impe·

148 3907 212 3964 lidae
229 3911 378 3982 cognitent
394 3910 498 3982 ingenia
519 3907 656 3961 validissu·
700 3908 806 3977 rioejm
815 3907 935 3972 moeris,
946 3907 1048 3979 aliquid
1060 3907 1205 3963 moliretur.

148 4007 190 4041 m
207 4003 318 4044 erant·
341 4021 383 4034 --
396 3990 556 4042 Aniciorum.
574 3988 657 4040 Phar·
740 3986 804 4040 Cau.
821 3985 870 4038 ῙΠ.
889 4003 914 4038 1.
931 3986 983 4039 Sua
997 3999 1086 4057 sponte
1101 3987 1208 4042 Privato

148 4069 219 4122 naris
241 4070 346 4134 fllium,
360 4087 545 4142 summumque
561 4068 658 4120 Xerxis
701 4066 956 4136 conulio,arrogata
970 4066 1020 4122 sibi
1033 4067 1129 4122 veteris
1141 4068 1211 4122 mili·

150 4149 314 4219 prnl'ectum.
334 4151 375 4204 Dc
390 4169 444 4222 quo
459 4146 589 4204 Herodot.
602 4147 658 4212 11,
702 4145 744 4200 tiu
757 4144 919 4218 prulcctura.
