3200 5130
517 495 815 565 LYSANDER
1155 499 1203 572 65

142 645 181 700 ιιι
202 629 315 698 Thasii
336 613 580 697 dilaberentur³
583 625 887 722 ,consulerentque
909 629 1007 700 rebus
1030 633 1107 700 suis
1133 636 1204 703 Ita-

142 761 207 830 que
215 721 296 801 ml.

196 842 257 910 111.
273 838 538 909 Decemviralem
557 863 649 908 suam
667 835 863 934 potestatem
883 841 932 909 sui
945 841 987 912 ab
1006 841 1061 912 illo
1081 849 1205 916 consti-

142 963 249 1017 tutam
279 945 490 1015 sustulerunt.
519 947 597 1034 Quo
625 945 740 1015 dolore
768 945 950 1028 incensus¹,
971 949 1042 1016 iniit
1072 951 1206 1022 consilia

141 1077 237 1148 reges
258 1052 584 1122 Lacedaemoniorum
606 1050 738 1142 tollere3
757 1051 813 1120 sed
837 1051 1012 1139 sentiebat,
1033 1055 1067 1122 id
1082 1081 1117 1124 se
1137 1059 1206 1126 sine

141 1184 208 1254 ope
222 1161 372 1227 Deorum
388 1158 497 1226 locere
513 1183 581 1256 non
600 1181 713 1251 posse,
731 1156 820 1251 quod
834 1157 1077 1228 Lacedaemonii
1094 1165 1206 1232 omnia

142 1265 186 1334 ad
212 1263 346 1334 oracula
371 1263 495 1332 referre
514 1277 763 1333 consueverant.
791 1264 937 1332 Primum
961 1264 1110 1360 Delphos
1128 1292 1207 1336 cor-

144 1465 227 1532 vm,
241 1465 371 1530 Thasios,
384 1477 535 1536 ·antequatn
553 1477 653 1518 tantam
700 1463 754 1533 45,
769 1481 800 1532 1,
815 1465 843 1516 in
856 1463 973 1517 Milesios
986 1465 1206 1537 perfidiamexer·

144 1548 172 1600 in
184 1547 359 1600 Athenienses
367 1543 446 1598 fidem
457 1545 652 1618 prostitissent,
698 1543 754 1596 cuit
767 1542 912 1614 Lysander.
921 1543 1032 1600 'Iliasios
1047 1548 1119 1598 enim
1135 1547 1206 1620 apud

144 1645 236 1679 eorum
267 1624 412 1689 inimicos,
441 1622 654 1678 Laoedtemonio·
697 1636 723 1675 et
737 1623 853 1676 Milesios
872 1617 1050 1696 confugerant
1061 1629 1209 1696 permulti,
1283 1620 1284 1624 ¹

144 1723 258 1778 rumque
274 1703 371 1756 amicos
390 1715 468 1776 atque
486 1703 571 1756 socios
588 1702 654 1756 exti-
696 1703 742 1772 qui
758 1702 960 1755 Atheniensium
979 1717 1066 1774 partes
1083 1705 1207 1760 adversos

143 1787 214 1839 tisse.
230 1783 331 1837 Nune'
324 1782 652 1854 rgitor‚qniaAthenien·
695 1780 825 1852 Lysandri
846 1781 1016 1852 tyrannidem
1039 1784 1145 1840 fuerant
1165 1805 1206 1840 se·

142 1865 213 1919 sinin
228 1881 274 1918 eoa
289 1863 386 1916 amioos
405 1859 495 1928 videt,
508 1861 610 1934 hacque
625 1863 652 1915 in
696 1862 760 1914 cuti.
770 1860 834 1914 vid.
848 1879 943 1934 supra,
955 1880 1012 1936 cap.
1027 1864 1124 1934 primo.

143 1943 259 1998 amicitia
275 1961 462 2016 permansuros
477 1939 596 2012 judicat,
608 1961 652 1994 eos
736 1941 800 1994 Car.
815 1941 863 1992 111.
881 1959 904 1994 ι.
919 1941 975 2009 Ouo
987 1943 1069 1996 dolore
1084 1948 1201 1998 incensus.

142 2034 295 2096 pervertere
307 2021 380 2094 cupit
395 2019 540 2094 Lysander.
695 2021 781 2072 Aliam
806 2019 940 2073 Diodorus
967 2039 1096 2090 causam,
1122 2025 1202 2078 elatos

185 2103 212 2158 3.
233 2101 413 2154 Dilnberentur
422 2101 496 2152 Alius
509 2100 600 2153 aliose
614 2119 653 2153 re·
695 2117 791 2172 nempe
806 2117 836 2152 ac
856 2101 956 2154 seroces
977 2113 1067 2153 narrat
1086 2063 1203 2170 inimos,

142 2182 253 2256 ciperet.
695 2177 768 2250 quod
776 2179 876 2231 bellmn
884 2179 1203 2250 Peloponnesiaonmoon·

185 2267 212 2326 4.
233 2261 358 2333 ltaque...
374 2258 455 2326 Quod
472 2257 545 2312 deest
564 2261 651 2332 exple·
695 2255 1077 2331 fecisset,1ncedamoniisque
1092 2259 1201 2316 Grecis

142 2361 173 2394 re
191 2341 254 2394 lieet
273 2359 305 2392 ex
324 2340 467 2410 Polyeno,
485 2341 513 2404 l,
535 2339 589 2406 45,
613 2347 651 2403 4.
694 2350 720 2389 et
731 2350 800 2390 terra
812 2350 838 2390 et
851 2355 918 2390 mari
930 2353 1107 2410 principatum
1121 2360 1201 2414 pepe-

143 2421 229 2494 Itaque
246 2417 366 2472 fraudem
385 2419 523 2472 clementia
542 2435 572 2470 ae
589 2419 651 2471 reli·
693 2417 782 2480 risset,
794 2417 812 2468 1.
825 2417 906 2484 XIV,
916 2435 938 2470 c.
955 2419 1200 2478 13.llefertantem

142 2501 222 2572 gione
232 2497 370 2552 velandam
384 2497 493 2552 censuit.
503 2497 568 2549 Erat
579 2497 650 2568 apud
694 2495 850 2548 Plutaruhus
868 2497 896 2548 in
917 2496 987 2565 vita,
1008 2497 1102 2550 xxm
1109 2503 1198 2572 ,quio

141 2579 254 2633 Thasios
268 2579 404 2672 templum
424 2577 561 2642 Herculis,
577 2575 651 2648 quod
693 2593 721 2626 se
741 2575 774 2626 ab
792 2575 910 2646 Agesilao
928 2593 1010 2646 rege,
1028 2536 1200 2634 intolelandoe

141 2677 245 2712 summa
267 2657 336 2748 ipsi
346 2657 496 2710 caerimonia
520 2657 649 2710 colebant.
693 2655 749 2724 ejus
772 2655 902 2724 superbie
928 2654 1123 2710 contundendas
1143 2672 1198 2714 stu-

143 2737 203 2790 Ηιιο
214 2745 313 2790 vocatis
328 2713 446 2802 civibus,
459 2735 590 2788 insidiosae
602 2735 650 2787 hu
693 2731 791 2798 dioso,
814 2731 965 2804 despectum
994 2751 1023 2785 ao
1046 2733 1198 2806 depressum

142 2817 277 2871 manitatis
292 2817 441 2888 plenissima
465 2815 584 2868 oratione
604 2833 650 2867 te·
692 2810 807 2865 vidisset.
827 2843 867 2856 --
884 2811 985 2864 Tollere.
996 2812 1138 2884 Abrogare.
1155 2817 1202 2869 Ad·

142 2898 214 2950 niam
232 2897 355 2948 onmihus
372 2907 551 2968 anteactorum
571 2893 649 2965 polli·
693 2889 720 2944 id
736 2903 856 2958 tantum,
876 2889 995 2943 Diodoro
1010 2903 1036 2944 et
1056 2892 1197 2948 Plutarcho

142 2975 461 3042 oetnrteonsternatione
484 2986 510 3026 et
530 2987 649 3046 tempore
693 2983 777 3035 teste,
804 2969 981 3037 intendebat,
1008 2984 1058 3036 ut,
1081 2974 1196 3044 neglecto

143 3057 218 3110 laeile
231 3055 348 3109 excusari
357 3073 436 3126 ,que
452 3055 478 3106 in
495 3053 545 3105 isto
558 3072 648 3106 rerum
693 3051 792 3104 Proelia
801 3064 827 3102 et
842 3049 1016 3122 Eurysthenis
1032 3053 1196 3121 posteritate,

142 3135 255 3189 articulo
270 3131 441 3187 accidissent·
434 3133 537 3206 ,igitur
552 3133 648 3184 lrustra
692 3131 733 3182 vel
747 3130 870 3182 omnihus
885 3129 1038 3200 Spartanis,
1058 3131 1100 3184 vel
1114 3131 1196 3186 llera·

144 3215 237 3269 timere
249 3232 425 3288 quemqnam
441 3224 486 3265 aut
501 3213 600 3277 latere;
613 3211 648 3262 si·
692 3207 767 3262 clidis
780 3223 881 3261 tantum
890 3209 1054 3280 equibus
1046 3228 1102 3281 rpse
1123 3225 1197 3266 ortus

142 3293 251 3367 quidem
264 3294 368 3358 hocce,
381 3304 446 3346 teste
457 3281 536 3343 Deo
527 3310 647 3363 ipsorum
692 3302 748 3342 erat
758 3288 857 3360 ,regias
883 3249 1006 3359 dignitati
1025 3287 1111 3342 atlitus
1127 3305 1198 3363 pate·

142 3375 286 3448 patrio,et
299 3373 327 3424 in
341 3371 462 3424 Herculis
473 3371 542 3424 atavi
554 3390 594 3422 sut
607 3389 649 3422 ur·
692 3381 740 3421 ret.
756 3399 797 3411 -
814 3368 923 3429 Tollere,
941 3386 990 3438 pro
1010 3369 1110 3420 tollendi
1115 3391 1198 3442 ,qua-

141 3455 175 3507 lte
184 3452 377 3526 ,.prollteretur
385 3451 519 3504 Taliatarn
530 3462 648 3503 accurata
692 3447 727 3498 lia
758 3447 852 3518 passim
877 3447 1046 3518 objiciuntur.
1069 3449 1198 3503 Tea-

140 3533 309 3586 simulatione
343 3531 485 3584 affirmanti
518 3527 648 3582 creditum
692 3525 1103 3578 Lacedaemouitomntaadoracuta
1113 3531 1199 3597 rosam

140 3625 193 3671 est,
211 3609 408 3682 etprodrerunt
420 3629 451 3661 ex
465 3609 571 3662 latebris
579 3607 649 3680 ,qui
692 3617 864 3658 cointraverunt.
885 3603 945 3657 Non
960 3617 1062 3658 tantum
1078 3608 1199 3662 Laceda-

140 3691 344 3744 Atheniensium
361 3687 450 3742 studio
468 3689 588 3759 graviora
604 3705 649 3740 ert·
693 3685 790 3749 monii,
803 3683 849 3738 sed
861 3703 952 3738 omnes
964 3685 1018 3736 lere
1030 3685 1198 3760 Greoiopo

140 3771 295 3824 timuerant
310 3769 383 3836 Quos
401 3767 461 3832 ille,
478 3781 538 3839 post
552 3785 650 3838 pantos
692 3764 759 3837 puli
773 3765 870 3832 Ileserre
884 3776 971 3816 autem
985 3763 1096 3818 verbum
1110 3765 1199 3820 inhao

140 3849 216 3914 dies,
238 3849 321 3902 nihil
334 3847 445 3941 amplius
469 3849 649 3920 suspicantes,
693 3863 722 3897 re
744 3844 838 3914 saepius
865 3855 1075 3914 usurpatum:
1064 3843 1143 3897 Sed
1166 3843 1200 3898 de

138 3931 285 4002 salutisque
296 3929 401 4000 penitus
415 3924 651 3992 securos,adortus
693 3917 772 3978 rebus
787 3922 906 3975 obscuris
919 3921 952 3974 ad
973 3921 1123 3994 Apollinem
1142 3941 1201 3978 oen·

142 4027 235 4064 omnes
248 4007 388 4062 interiecit.
402 4005 537 4072 Similem,
550 4004 652 4058 Plutar-
693 4021 738 4056 seo
760 3999 969 4056 referendum.
992 4001 1103 4068 Cicero,
1119 4003 1149 4070 l,
1167 4002 1201 4057 de

142 4089 195 4142 eho
203 4089 405 4160 Polyenoque
417 4083 509 4140 eodem
526 4097 609 4149 teste,
622 4081 650 4148 1,
694 4081 871 4136 Divinatione.

998 4182 1018 4255 5
