3246 5134
549 475 829 560 DATAMES.¹
886 473 890 482 ’
1135 476 1205 565 143

152 613 365 682 consuessem
390 597 673 692 Autophradaten]
695 600 729 668 in
752 598 996 693 Cappadociam
1016 601 1124 670 mittit.
1145 605 1208 673 Hic

154 732 196 776 ne
210 709 333 786 intrare
349 689 490 798 posset³,
508 703 644 791 saltum,
663 706 697 772 in
711 729 777 798 quo
788 704 910 774 Ciliciae
925 719 1114 799 portaesunt
1125 709 1209 794 site,

153 816 313 885 Datames
330 833 562 905 praeoccupare
579 809 713 879 studuit.
729 809 792 879 Sed
805 825 872 878 tam
884 811 992 880 subito
1006 813 1116 906 copias
1131 837 1209 882 con-

153 917 285 991 trahere
306 940 374 986 non
392 917 508 1008 potuit.
530 919 645 1008 Aqua
666 940 701 984 re
721 915 875 1010 depulsus
884 902 908 1003 ⁴,
928 941 1004 984 cum
1027 939 1066 984 ca
1087 941 1210 1006 manu,

155 1047 255 1118 quam
286 1035 510 1108 contraxerat,
538 1019 646 1090 locum
676 1020 797 1115 delegit
817 1019 933 1109 talem,
959 1035 997 1090 ut
1018 1045 1124 1116 neque
1148 1027 1210 1092 cir·

157 1129 337 1198 cumiretur
368 1127 410 1196 ab
439 1125 612 1214 hostibus,
643 1151 749 1220 neque
780 1129 960 1221 praeteriret
986 1125 1211 1215 adversarius,
1305 1137 1309 1148 '

157 1235 236 1330 quin
257 1233 452 1328 ancipitibus
479 1230 559 1302 locIs
580 1246 785 1326 premeretur
804 1258 813 1316 ;
835 1246 882 1320 ct,
909 1235 935 1300 si
957 1231 1112 1302 dimicare
1133 1259 1210 1304 cum

155 1365 196 1410 co
223 1337 343 1427 vellet,
369 1363 437 1406 non
464 1335 605 1407 multum
627 1336 742 1408 obesse
769 1337 944 1407 multitudo
970 1337 1115 1407 hostium
1144 1363 1211 1408 suae

154 1446 311 1540 paucitati
328 1458 447 1538 posset.

209 1552 305 1620 VIII.
325 1552 404 1618 llaec
426 1551 488 1620 etsi
511 1549 776 1643 Autophrodates
795 1549 941 1636 videbat,
967 1564 1078 1618 tamen
1099 1552 1211 1620 statuit

159 1654 330 1750 congredi,
351 1679 448 1750 quam
468 1679 545 1724 cum
564 1656 662 1724 tantis
683 1656 785 1750 copiis
803 1654 971 1750 refugere,
988 1669 1047 1723 aut
1065 1669 1130 1723 tam
1155 1655 1210 1724 diu

159 1787 226 1830 uno
246 1761 319 1830 loco
339 1761 454 1830 sedere
463 1759 484 1828 ¹.
505 1760 657 1830 Habebat
675 1761 893 1830 barbarorum
914 1763 1061 1855 equitum
1078 1762 1212 1854 viginti,

158 1867 306 1963 peditum
330 1881 465 1938 centum
491 1864 609 1954 millia,
634 1890 717 1960 quos
743 1865 788 1936 illi
816 1864 1001 1936 Cardacas²
1025 1865 1211 1962 appellant;

158 1972 369 2067 ejusdemque
377 1973 505 2067 generis
513 1974 565 2042 III
576 1971 967 2067 hrnditorum3praeterea
975 1971 1211 2067 Cappadocum

159 2094 252 2167 octo,
265 2081 494 2149 Armeniorum
514 2077 645 2165 decem,
665 2076 914 2172 Paphlagonum
927 2080 1095 2173 quinque,
1114 2079 1214 2173 Phry·

159 2209 239 2278 gum
259 2183 389 2272 decem,
407 2183 575 2277 Lydorum
594 2185 755 2276 quinque,
779 2184 1019 2278 Aspendiorum
1039 2197 1073 2251 et
1092 2183 1213 2254 Pisida·

159 2315 234 2360 raam
256 2291 385 2362 circiter
403 2292 481 2376 tria,
497 2287 636 2358 Cilicum
648 2288 734 2377 duo,
748 2291 986 2384 Captianorum
1002 2289 1157 2376 totidem,
1173 2316 1211 2360 ex

162 2485 232 2538 iacto
245 2500 311 2557 opus
326 2497 372 2538 est.
383 2485 467 2550 -oae
481 2482 588 2556 quidem
602 2483 667 2554 γνῶ-
751 2490 777 2546 A,
790 2483 817 2535 A
828 2502 875 2556 qun
890 2502 915 2534 re
929 2483 1046 2552 depulsus.
1061 2483 1214 2553 Eleganter,

163 2583 197 2634 pn
212 2583 227 2617 e
244 2565 330 2636 prima
345 2563 529 2617 Demosthenis
545 2561 668 2615 adversus
708 2579 793 2634 quum
824 2561 933 2632 consilio
963 2559 1150 2630 dimoventur.
1176 2595 1216 2605 -
1290 2613 1293 2622 ,

163 2644 279 2715 Philipp.
291 2645 410 2696 oratione
421 2643 531 2695 omnino
547 2659 668 2713 expressa
710 2639 863 2711 Ancipitibus
875 2641 931 2692 loeis
944 2653 1096 2710 premeretur.
1109 2641 1181 2706 Quin
1200 2661 1215 2695 a

163 2722 286 2776 viderur:
298 2727 340 2776 Διῑ
350 2725 394 2794 pia
405 2719 557 2776 bachabantur
569 2723 668 2792 tenco
710 2721 797 2774 leonte
812 2733 838 2772 et
855 2739 869 2772 a
885 2730 959 2790 tergo
974 2732 1120 2790 urgeretur.
1140 2722 1215 2774 Con.

164 2803 313 2875 lichaonis
324 2799 353 2854 di
361 2801 395 2854 τὰ
403 2797 586 2872 δόξανταμιτὰ
596 2820 669 2853 σπου·
711 2800 765 2866 111,
778 2819 823 2869 17,
832 2798 866 2852 de
873 2798 940 2869 hiep
958 2798 1007 2850 lis:
1022 2825 1032 2846 ι
1044 2799 1098 2852 Ubi
1106 2799 1217 2852 cucum-

163 2877 219 2942 ἑῆς.
247 2881 372 2934 leocrates
398 2881 482 2933 multo
500 2879 627 2945 brevius,
641 2880 668 2931 in
712 2875 840 2950 iri(regia
857 2818 967 2950 copiosi,
980 2877 1026 2930 ubi
1040 2878 1148 2950 ancipiti
1162 2878 1216 2932 acie

164 2973 231 3014 orat.
246 2959 282 3014 ad
296 2961 485 3013 Demonicum:
498 2961 612 3013 sanator
625 2961 669 3029 pls
710 2959 828 3030 opprimi
835 2969 967 3030 possent·
977 2956 1082 3011 -Suoe
1087 2960 1216 3028 paucitati.

164 3035 289 3111 inediae.
304 3042 408 3094 Ιπιτίλιι
421 3035 451 3092 di
467 3043 560 3107 aaziae
576 3038 610 3092 τὰ
625 3034 669 3090 dc'·
711 3038 901 3108 Cuieleganter
910 3037 1056 3108 opponitur
1064 3037 1197 3090 nauium.

165 3118 670 3190 invem—Autophrodatemsatrapem
753 3118 816 3170 Car.
837 3115 913 3169 VIII.
941 3135 964 3168 ι.
991 3115 1086 3170 Sedere.
1108 3117 1216 3170 Morari.

167 3195 273 3269 Lydia,
287 3197 321 3251 de
335 3217 389 3270 quo
403 3217 494 3270 supra,
508 3199 552 3260 II,
567 3209 623 3250 not.
645 3216 669 3250 1.
713 3195 800 3251 Sedere
814 3209 901 3250 autem
916 3194 951 3248 de
965 3196 1056 3250 caetris
1071 3194 1177 3250 dicitur.

209 3277 235 3331 3.
250 3277 290 3332 Ne
306 3282 396 3329 mtrem
413 3288 501 3348 posset.
520 3277 624 3330 Scilicet
643 3277 670 3328 in
755 3295 780 3330 a.
795 3273 1099 3329 caramltoaceane
1108 3275 1219 3329 minoris

167 3355 418 3430 Cappadociam-
431 3357 523 3409 Portae.
539 3356 671 3427 Angustias
714 3356 827 3427 populos
842 3353 950 3408 tradunt
962 3354 1089 3425 Polybius
1101 3368 1128 3408 et
1137 3357 1218 3410 AElia-

165 3437 289 3504 viarum,
317 3435 467 3492 unbeina
494 3434 595 3500 lancea,
624 3453 672 3506 per
713 3453 773 3488 nus.
788 3433 916 3490 Cardacas
928 3447 1015 3486 autem
1028 3433 1136 3500 Strabo,
1151 3436 1220 3500 XV,

169 3515 581 3587 qrats,tanquamperportaa,iu
593 3510 672 3566 latins
715 3514 794 3568 luisse
810 3513 889 3566 tradit
909 3510 979 3584 apud
994 3513 1085 3567 Persas
1106 3515 1219 3568 militum

168 3594 282 3666 spatium
296 3595 390 3648 exitur,
400 3594 486 3648 Graec.
500 3590 672 3664 nihat,quod
714 3611 810 3665 genus,
819 3592 865 3664 qni
877 3593 1128 3662 exraptisviaerint.
1137 3595 1217 3647 Nem·

168 3675 280 3727 verbnm
294 3687 452 3746 exceperunt
471 3673 550 3726 etiam
565 3673 673 3735 Latini,
714 3691 750 3744 pe
764 3668 846 3743 κέρδει
856 3669 1029 3742 apudet‘erm
1041 3672 1117 3724 virile
1129 3686 1155 3726 et
1164 3674 1223 3727 bel·

171 3747 674 3823 usmetartmmgorismuutorm-
715 3748 1219 3816 liooaum,utSnidaa,inlinelihr.XV.

170 3831 308 3902 cidiſsus.
325 3832 428 3903 Nempe
442 3831 536 3885 Cilicia
546 3831 636 3884 Tauro
648 3843 674 3883 et
717 3828 787 3882 Vide
800 3843 826 3883 et
840 3827 1048 3882 Eustathiumad
1062 3831 1170 3884 Homer.
1188 3834 1219 3887 ll.

170 3913 271 3964 Amano
281 3911 417 3964 montilum
430 3929 446 3964 a
460 3907 625 3982 Cappadocia
636 3906 676 3961 di·
717 3907 996 3980 nmen-Ejusdem
1004 3913 1098 3978 generis
1108 3916 1155 3962 tria
1162 3913 1221 3978 sun.

169 3991 285 4045 rimitnr.
300 3991 341 4044 Ex
360 3990 459 4044 cilicie
481 4001 568 4042 autem
584 4005 675 4043 versus
717 3989 827 4042 ditorum.
842 3987 941 4058 Supple
957 3987 1221 4044 millia-Praeterea

170 4068 365 4142 Cappadociam
378 4071 431 4123 situ
445 4081 569 4141 apparet,
586 4079 675 4140 portae
720 4067 899 4140 Cappadocum,
918 4066 1096 4130 Amerinam,
1113 4083 1162 4122 etc.
1183 4073 1226 4128 De

169 4149 250 4202 fuisse
262 4149 486 4222 septentrionales.
497 4149 645 4203 umnam.
718 4146 760 4202 bis
775 4148 897 4202 omnibus
908 4145 1012 4218 populis
1022 4143 1083 4200 vide
1094 4147 1221 4206 Indicam.
