3200 5130
347 542 350 553 .
404 485 453 558 80
666 481 932 551 CORNELII
959 480 1190 549 NEPOTIS

400 619 470 712 ipse
495 614 713 711 postulasset,
732 627 770 682 ut
790 611 857 682 duo
879 611 939 680 sibi
962 609 1095 706 collegae
1118 612 1298 699 darentur,
1318 613 1461 708 Thrasy-

402 721 498 792 bulus
518 736 551 791 et
570 720 780 805 Adimantus,
795 742 902 812 neque
920 716 954 785 id
974 731 1130 812 negatum
1150 730 1250 805 esset3
1268 715 1370 788 classe
1389 719 1461 836 jarn

400 831 435 896 in
449 829 558 897 Asiam
575 825 762 922 profectus,
782 823 870 918 quod
885 822 973 918 apud
984 825 1111 917 Cymen
1123 827 1231 893 minus
1245 849 1286 893 ex
1299 825 1462 893 sententia

400 959 470 1002 rem
492 947 660 1029 gesserat,
679 933 712 999 in
740 929 895 999 invidiam
921 927 1043 997 recidit.
1066 928 1157 998 Nihil
1178 931 1266 998 euim
1292 955 1368 1000 eum
1391 955 1462 999 non

400 1039 531 1109 efficere
549 1063 645 1134 posse
665 1021 858 1106 ducebant³.
875 1039 925 1103 Er
946 1060 1013 1128 quo
1035 1035 1151 1121 fiebat,
1170 1050 1207 1103 ut
1223 1037 1335 1104 omnia
1349 1038 1462 1105 minus

400 1169 557 1240 prospere
576 1159 668 1239 gesta
689 1144 758 1237 ejus
779 1139 884 1278 culpae
900 1141 1099 1209 tribuerent·
1092 1167 1220 1236 ‚quum
1235 1167 1312 1211 eum
1329 1156 1388 1210 aut
1403 1167 1461 1211 ue·

400 1250 579 1346 gligenter,
601 1264 659 1318 aut
679 1235 863 1330 malitiose⁴
883 1245 997 1316 fecisse
995 1246 1245 1376 loquerentur.
1275 1249 1366 1317 Sicut
1386 1262 1458 1316 turn

399 1356 536 1428 accidit:
552 1379 629 1424 nam
635 1369 882 1448 ,corruptuma
896 1338 1005 1448 Rege⁵
1020 1377 1138 1448 capere
1154 1357 1282 1484 Cymen
1296 1351 1459 1438 noluisse,

400 1463 590 1558 arguebant.
613 1464 730 1555 Itaque
750 1460 827 1529 huic
845 1461 985 1528 inarime
1002 1474 1158 1554 putamus
1165 1445 1280 1529 ⁶malo
1299 1461 1443 1529 fuisse
1409 1485 1460 1528 nr·

400 1674 455 1742 ἅμιι
474 1671 516 1723 aei
541 1669 608 1724 κατὰ
630 1669 757 1722 θάλασσαν
784 1671 908 1740 epemyie
949 1669 1057 1739 jactatas
1083 1683 1280 1723 commemorat.
1301 1669 1372 1722 Alias
1393 1689 1461 1742 quo·

400 1749 564 1820 αὐτοκράτωρ.
577 1780 617 1792 --
632 1749 668 1800 Et
683 1751 732 1819 ipse
743 1748 904 1819 pmmlasset,
951 1766 1003 1820 que
1023 1748 1220 1803 criminationes
1241 1750 1357 1821 prolatas
1379 1749 1460 1804 briaae

400 1842 450 1883 etc.
467 1829 571 1882 Scilicet
579 1827 612 1881 ad
625 1825 808 1880 declinandam
817 1846 908 1898 proce·
951 1826 1070 1882 indicant
1091 1827 1240 1892 Diodorus,
1255 1843 1282 1882 et
1300 1829 1460 1884 Plutarchus

399 1927 461 1962 rum
482 1908 628 1980 populique
647 1907 752 1960 mobilis
770 1905 905 1961 invidiam.
950 1909 1117 1978 presertim,
1135 1907 1181 1980 qui
1204 1927 1295 1961 earum
1324 1921 1459 1962 auctorem

400 1986 607 2058 -Tlarasybulus
615 1999 640 2036 et
645 1985 798 2039 Adr'rraotus.
809 1987 908 2038 Aristo·
950 1985 1148 2058 Thrasybulum
1160 1989 1250 2042 refert.

400 2080 499 2122 cratem
510 2067 536 2119 ei
551 2078 578 2118 et
589 2064 759 2118 Adimantum
773 2066 853 2118 fuisse
864 2064 910 2118 atl-
991 2066 1017 2118 3.
1028 2065 1166 2120 Nihileaira
1174 2087 1226 2120 eura
1235 2065 1459 2137 aonefficereposae

398 2150 505 2219 junctos
520 2143 601 2198 tradit
623 2147 758 2218 Xenoph,
773 2145 840 2198 Hiar.
858 2145 906 2198 Gr.
950 2144 1004 2198 duc.
1014 2146 1054 2198 Ita
1064 2147 1118 2200 fere
1128 2145 1189 2200 Sall.
1198 2148 1214 2199 J
1216 2166 1258 2218 ug.
1268 2148 1385 2200 LXXVI
1394 2165 1401 2199 τ
1409 2147 1460 2200 Sat

400 2227 427 2285 1.
446 2235 479 2291 4:
495 2244 561 2296 curu,
571 2238 663 2278 nostro
677 2237 763 2278 tamen
777 2227 907 2278 consentit
950 2225 1116 2297 nenrhljam
1124 2227 1234 2294 infectum
1246 2225 1344 2278 Metello
1350 2227 1455 2278 credens.

400 2304 549 2370 Diodorus,
563 2305 644 2370 XIII,
665 2307 711 2374 69.
734 2305 839 2358 Ducum
858 2323 906 2356 no·
991 2305 1460 2376 4.Negh'genter,autmalitiose.Negli·

399 2385 471 2444 mina
493 2403 547 2437 non
571 2386 672 2455 profert
698 2384 857 2436 Plutarchus
878 2384 906 2437 in
948 2385 1154 2458 peater,qnippe
1162 2386 1210 2456 qni
1220 2385 1455 2456 Antiochognber-

400 2461 527 2518 Alcibiad.
549 2465 631 2518 Datos
651 2476 738 2517 autem
759 2463 784 2516 ei
807 2464 905 2527 luisse,
950 2465 1056 2528 nitori,
1071 2465 1130 2518 viro
1152 2463 1358 2536 imprudentiae
1370 2483 1457 2530 rano,

400 2563 466 2616 quos
480 2544 535 2614 ipse
547 2543 672 2615 elegerat,
685 2543 907 2597 refert-Minus
949 2541 1056 2596 classem
1072 2541 1229 2596 tradidisset.
1254 2543 1385 2597 Malitiose.
1403 2547 1457 2596 Dn-

399 2646 429 2676 ιιι
440 2626 613 2675 sententiarum
623 2636 738 2693 gessum.
747 2623 769 2675 1.
781 2641 804 2676 e.
818 2623 906 2676 urinus
948 2621 986 2675 cis
997 2623 1068 2675 enim
1085 2621 1172 2676 fraudi
1192 2621 1219 2676 id
1238 2623 1332 2676 tribuit
1342 2625 1455 2686 Justv,

398 2705 480 2768 bene,
489 2721 568 2774 quarn
579 2703 776 2770 voluisset,non
785 2721 816 2754 ex
829 2715 905 2766 roto,
951 2701 1004 2764 5..
1016 2701 1087 2774 apud
1101 2721 1181 2774 quem
1195 2702 1254 2773 plus
1265 2703 1340 2772 prior
1355 2703 1454 2756 oll‘ensn

399 2803 454 2836 non
470 2783 589 2836 feliciter.
603 2783 717 2835 Absente
732 2794 819 2834 tamen
835 2781 906 2833 Alci·
949 2780 1169 2852 valuisset,quam
1175 2783 1290 2834 recentia
1300 2783 1451 2836 beneficia.-

398 2862 491 2923 biade,
505 2863 551 2932 qui
565 2861 606 2914 vel
620 2860 794 2914 Clazomeniis
808 2861 905 2913 auxilio
990 2859 1015 2911 5.
1033 2861 1060 2912 A
1075 2863 1148 2930 Rege.
1168 2861 1300 2927 ADario,
1310 2862 1352 2913 rel
1368 2863 1456 2933 Cyro,

398 2942 532 3012 proiectus
554 2953 609 2993 erat
622 2935 750 3000 (Diodor.
765 2935 905 3008 rt111‚7),
948 2940 1004 3009 ejus
1011 2937 1076 3006 filio,
1083 2942 1130 3012 qui
1137 2954 1201 2993 tuuc
1209 2941 1291 2992 Ioniae
1300 2939 1453 3014 Lydioque,

399 3021 440 3072 vel
458 3021 486 3072 iu
505 3019 582 3072 Caria
595 3019 735 3090 pecuniam
749 3019 905 3088 colligebat,
947 3017 977 3069 in
1000 3018 1059 3071 loco
1080 3020 1277 3092 Tissaphernis,
1301 3033 1358 3072 erat
1385 3039 1452 3092 prar-

399 3093 674 3168 (Plutarch.35),ejus
688 3097 846 3161 navarchus,
862 3098 905 3150 cui
948 3096 1057 3166 positus.
1072 3097 1144 3152 Vide
1157 3099 1255 3152 lustin.
1271 3100 1306 3164 V,
1314 3101 1337 3152 5.
1352 3099 1453 3154 Diodo-

398 3197 496 3230 nomen
510 3176 671 3242 Antiochus,
685 3189 776 3230 contra
797 3175 905 3228 manda·
948 3195 993 3228 rus
1007 3190 1094 3230 autem
1108 3191 1262 3250 corruptum
1274 3179 1335 3231 uita
1351 3191 1452 3250 satrape

398 3269 469 3322 tum,
481 3269 591 3320 temere,
603 3257 733 3326 nimisque
746 3253 842 3327 cupide
854 3274 905 3327 pu·
948 3255 1130 3322 Pharnabazo,
1149 3262 1224 3329 cujus
1245 3257 1387 3310 amicitiam
1403 3260 1453 3310 ini-

397 3353 475 3406 gnem
491 3354 552 3388 cum
567 3333 705 3407 Lysandro
719 3337 904 3398 commiserat,
947 3336 1009 3386 mici
1034 3338 1059 3388 ei
1076 3337 1182 3390 crimini
1206 3339 1451 3391 vertebant-No-

398 3433 428 3467 ac
447 3413 600 3487 quindecim
622 3433 701 3467 nares
728 3416 904 3468 amiserat.-
949 3415 1025 3467 luisse.
1040 3419 1074 3469 At
1087 3418 1157 3469 socia
1174 3417 1224 3470 init
1237 3431 1263 3469 et
1277 3415 1401 3470 loederata
1415 3419 1451 3470 ci-

397 3495 428 3547 In
440 3494 552 3546 r'rrvidiam
567 3493 657 3545 recidit.
673 3493 758 3564 Magis
775 3495 818 3547 bic
835 3495 905 3546 valet
947 3495 1022 3547 vitas.
1031 3495 1111 3562 Quod
1125 3496 1218 3549 llosius
1229 3496 1263 3548 dc
1274 3515 1369 3550 arcano
1375 3497 1453 3549 Athe·

397 3574 631 3638 criminationum
639 3571 768 3641 Diodoro,
777 3573 905 3639 conflata,
946 3575 1078 3628 niensium
1103 3579 1176 3648 jussu
1202 3576 1326 3647 explicat,
1342 3593 1391 3630 nec
1422 3595 1452 3628 ex

397 3651 470 3726 quod
483 3653 903 3724 Cymen,sociiuominiaurbem,
946 3655 1004 3708 aliis
1019 3657 1169 3709 auctoribus
1183 3655 1384 3720 evincitur,uec
1397 3657 1452 3728 ipsa

397 3751 531 3805 aggressus
548 3746 631 3798 esset3
646 3753 698 3806 qua
717 3731 792 3786 dere
806 3735 903 3804 legatos
946 3752 975 3786 re
991 3737 1134 3806 probatur,
1149 3733 1222 3807 quod
1237 3735 1265 3787 in
1281 3736 1451 3788 accusationis

396 3827 519 3885 questum
536 3813 660 3868 miserant
683 3813 793 3884 Cymaei.
812 3814 903 3878 Quan-
945 3813 1058 3884 publicae
1073 3815 1159 3869 causis
1175 3815 1227 3867 hoc
1244 3815 1322 3866 etiam
1336 3815 1452 3886 poneba·

396 3911 474 3964 quam
483 3891 510 3945 id
518 3907 607 3964 aperte
614 3906 713 3966 pugnat
722 3911 784 3945 cum
795 3893 834 3956 iis,
844 3909 903 3962 quaa
946 3905 998 3946 tur.
1008 3893 1078 3947 Tum
1087 3905 1235 3966 repugnant
1245 3907 1334 3964 aperte
1343 3913 1387 3958 ea,
1394 3913 1452 3966 qun

396 3985 485 4025 noster
494 3973 608 4044 subjicit.
616 3973 738 4044 Xenoph.
747 3971 901 4025 aerohlcib.
946 3991 976 4026 ea
989 3972 1452 4044 Diodoronotarimumforteigitur,

397 4051 511 4119 ὰμῦιιαν
524 4065 550 4103 et
561 4053 690 4123 άιριίτιιαι
706 4066 831 4124 tauquam
844 4069 903 4102 cau·
946 4051 1450 4124 aitTrscbuck.,legenduineetcalabre.

396 4131 902 4199 saspngnaeinfelicisabhtheniensibus
987 4135 1013 4184 6.
1028 4133 1093 4185 Hru'e
1107 4137 1340 4202 minophantus,
1352 4143 1402 4188 etc.
1410 4133 1449 4186 Al.
