3212 5118
354 478 467 546 CUM
493 477 637 545 PLUT.
667 475 1021 546 COMPARATIO.
1139 418 1214 552 {83

141 635 156 656 ι
163 610 257 673 vittas
267 625 315 660 nec
322 623 382 661 saue
390 607 569 660 illustrissimis
578 607 740 660 facinoribus
746 625 848 678 semper
858 607 924 659 inest
934 609 1050 660 absoluta
1061 609 1165 663 virtutis
1171 625 1216 664 aut

143 715 159 736 κ
170 688 307 741 vitiorum
322 687 512 752 manifestati03
523 699 549 738 at
560 687 654 759 saepius
664 687 720 739 lete
733 685 867 758 quoddam
880 687 976 738 lactum
989 699 1033 738 aut
1043 686 1159 754 dictum,
1173 693 1215 744 vel

145 793 160 814 ι
175 766 294 837 puerilis
309 765 394 830 lusus,
410 785 496 820 mores
509 767 591 837 magis
605 779 694 838 aperte
714 765 848 831 declarat,
862 784 942 837 quam
954 779 1060 818 cruenta
1073 769 1175 838 praelia,
1190 783 1216 824 ct

148 873 162 893 ι
173 846 284 898 bellica
298 845 490 916 expeditiones,
512 857 538 896 et
551 846 760 917 oppugnationes
780 846 897 898 urbium.
917 846 1006 910 Quum
1023 864 1085 916 ergo
1102 849 1215 916 pictores

147 949 162 972 ι
172 943 214 976 ex
227 926 302 977 vultu
319 936 346 977 et
361 926 466 989 fronte,
486 926 514 977 in
536 927 631 996 quibus
650 944 736 978 mores
760 923 1013 996 deprehenduntur,
1029 925 1214 980 similitudines

147 1005 291 1056 «omnino
304 1003 419 1075 pendere
433 1005 593 1064 existiment,
616 1017 760 1058 ceterarum
780 1005 896 1076 partium
916 1004 1061 1067 incuriosi;
1082 1005 1118 1057 sic
1139 1007 1213 1059 nohis

150 1109 164 1129 ι
179 1081 344 1136 concedatur
360 1085 440 1136 animi
456 1085 600 1156 prasertim
611 1083 716 1136 indiciis
732 1083 880 1148 adhaerere,
896 1095 922 1135 ct
936 1083 1076 1153 imaginem
1087 1089 1213 1155 cujusque

150 1189 165 1210 ι
176 1164 279 1214 mentis
291 1164 452 1233 exprimere;
469 1164 571 1234 praelia,
592 1177 735 1235 ceteraque
746 1163 816 1216 bello
833 1164 874 1215 rel
889 1161 961 1215 domi
977 1174 1047 1233 gesta
1065 1165 1165 1216 clateris
1175 1183 1214 1216 re·

152 1267 166 1289 ι
178 1241 346 1313 linquantur.
361 1269 371 1289 ι
396 1243 427 1294 ln
441 1243 482 1294 bis
495 1241 569 1294 dedit
582 1244 645 1295 artis
656 1261 709 1296 suae
722 1243 795 1314 quasi
806 1244 899 1313 legem.

195 1327 252 1374 Nec
266 1335 396 1392 praecepta
416 1333 532 1386 tantum,
555 1321 600 1374 sed
620 1324 770 1394 exemplum
791 1340 896 1393 quoque
913 1321 1070 1374 Plutarchus
1085 1322 1211 1375 exhibuit.

146 1399 267 1471 Ubique
279 1402 350 1452 euim
367 1402 394 1452 in
410 1402 479 1454 Vitis
497 1401 649 1472 hujusmodi
663 1403 742 1455 verba
763 1413 808 1454 aut
830 1402 896 1454 facta
911 1413 1067 1466 occurrunt,
1084 1419 1142 1472 qua
1160 1421 1212 1454 nnn

146 1491 211 1531 tam
226 1480 320 1532 fortem
336 1493 361 1532 et
376 1480 491 1551 peritum
505 1479 615 1546 ducem,
630 1500 718 1552 regem
731 1481 942 1553 magnanimum,
959 1493 1004 1534 aut
1018 1481 1147 1550 integrum
1158 1501 1213 1534 ma·

146 1559 297 1628 gistratum
309 1557 483 1624 describunt,
499 1577 577 1631 (Ῑιιιω
598 1561 684 1631 ipsum
706 1552 860 1624 ho'miuem,
878 1560 961 1630 qualis
975 1559 1063 1612 fuerit.
1083 1559 1212 1630 Equidem

145 1655 241 1708 quum
254 1637 381 1702 viderim,
406 1640 433 1690 iu
456 1640 550 1692 Curtio
565 1652 610 1692 aut
625 1640 751 1704 Arriano,
767 1638 944 1692 Alexandrum
963 1640 1031 1691 bella
1046 1651 1071 1690 et
1090 1639 1210 1692 incendia

145 1717 236 1787 longe
250 1719 352 1788 lateque
364 1719 607 1784 circumferentem,
621 1731 648 1772 et
660 1717 775 1783 domito,
794 1737 845 1790 qua
865 1719 988 1790 putebat,
1006 1718 1072 1788 Cyri
1087 1719 1212 1790 imperio,

147 1795 187 1850 ad
198 1795 288 1848 aridas
300 1816 381 1868 usque
392 1797 548 1870 Scytharum
557 1797 710 1850 solitudines
720 1811 745 1850 et
757 1799 908 1863 Oceanum,
919 1812 1048 1851 terrarum
1059 1799 1213 1860 terminum,

146 1895 248 1928 avaras
258 1889 283 1928 et
295 1877 452 1930 insatiabiles
461 1877 638 1950 porrigentem
647 1896 753 1942 manus,
763 1877 931 1930 ambitiosum
939 1896 1026 1948 regem
1038 1877 1130 1939 luisse,
1148 1879 1212 1930 mibi

147 1955 328 2028 perspicuum
343 1969 397 2020 est;
416 1956 461 2009 sed
477 1958 594 2027 plenior,
608 1970 637 2009 ut
650 1958 788 2024 existimo,
803 1969 830 2009 et
845 1955 961 2009 vividior
973 1957 1058 2027 imago
1073 1955 1174 2021 suisset,
1190 1958 1212 2009 si

149 2055 240 2102 eum,
254 2048 283 2087 ut
291 2035 459 2100 Plutarchus,
467 2034 653 2100 ostendissent,
666 2056 777 2108 puerum
790 2035 875 2089 adhuc
885 2049 911 2088 et
920 2037 947 2090 in
955 2037 1040 2107 prima
1051 2047 1138 2100 astate,
1151 2056 1213 2088 mss·

149 2127 277 2178 rentem,
286 2113 357 2185 quod
368 2115 487 2166 omnium
495 2115 580 2166 victor
588 2116 728 2187 Philippus
737 2116 803 2168 nihil
812 2116 860 2186 ipsi
869 2113 1027 2167 vincendum
1039 2115 1211 2185 relinqueret,

149 2213 184 2246 ac
197 2191 300 2245 deiude
315 2193 449 2246 Aristoteli
464 2194 611 2256 infensum,
626 2193 698 2264 quod
711 2195 809 2245 librum
830 2192 968 2256 edidisset,
986 2195 1014 2246 in
1029 2212 1082 2262 quo
1098 2196 1211 2246 occultas

152 2271 295 2324 doctrinas
314 2272 415 2324 iecisset
436 2272 535 2342 publici
551 2272 635 2344 juris,
655 2271 719 2324 duur
734 2273 789 2342 ipse
803 2273 853 2324 sibi
870 2272 916 2324 uni
935 2285 1008 2324 notas
1027 2272 1121 2340 vellet,
1138 2274 1211 2344 quasi

153 2369 216 2404 nou
236 2349 329 2402 mnndi
347 2350 447 2416 solum,
467 2350 512 2404 sed
530 2351 649 2405 ninnium
665 2353 833 2424 physicarum
851 2371 941 2404 rerum
957 2364 1066 2421 angtrsto
1084 2351 1111 2402 in
1129 2352 1212 2404 limite

156 2443 285 2494 aestuans,
298 2447 452 2502 superarum
461 2449 567 2502 quoque
579 2443 604 2484 et
619 2432 750 2484 mentibus
768 2443 867 2483 tantum
880 2444 1062 2500 perceptarum
1073 2431 1213 2502 imperium

156 2522 304 2582 appeteret.
323 2511 380 2563 Nos
390 2509 512 2582 quidem,
526 2509 632 2583 quando
642 2513 728 2565 Cacsar
736 2512 863 2583 populum
872 2509 1052 2580 largitionibus
1060 2510 1109 2562 sibi
1120 2509 1213 2563 devin-
1241 2524 1243 2541 ⁴

156 2591 209 2654 cit,
225 2601 271 2642 aut
286 2609 346 2644 cum
363 2591 490 2662 Pompeio
508 2604 534 2644 ct
547 2591 641 2644 Crasso
666 2591 806 2643 amicitiam
826 2591 977 2660 conjungit,
999 2601 1029 2641 ut
1048 2589 1149 2642 nefario
1167 2590 1212 2642 illo

157 2670 331 2722 triumviratu
350 2671 539 2742 rempublicam
555 2671 700 2743 opprimat,
718 2683 875 2742 perpetuum
902 2667 1056 2722 dictatorem
1078 2670 1212 2739 praesenti·

157 2767 236 2814 mus;
250 2761 276 2801 at
287 2761 387 2821 quanto
403 2751 517 2822 apertius
535 2750 591 2822 ipse
602 2770 629 2803 se
641 2749 768 2815 declarat,
784 2747 919 2820 Euripidis
931 2768 1035 2801 tersum
1048 2746 1210 2801 dictitando:

158 2829 190 2882 Si
202 2829 340 2881 amiantum
356 2841 392 2880 est
400 2833 456 2900 jus,
477 2835 547 2900 mgni
562 2843 651 2882 tantum
664 2835 744 2899 gratia
761 2825 898 2881 ablundam
911 2841 953 2881 est.
975 2829 1062 2881 Ceteri
1084 2827 1212 2881 Caesarem

157 2921 303 2979 tyrannum
311 2909 380 2962 inter
393 2911 507 2963 Romani
517 2910 568 2962 lori
578 2910 706 2962 tumultus
714 2907 897 2973 ostenderuut;
909 2907 1064 2960 Plutarchus
1070 2921 1212 2980 tyrannum

157 2989 188 3040 in
200 2985 304 3040 deserto
310 2989 490 3060 Hispaniensis
500 2990 644 3060 provincia
652 2987 780 3061 oppidulo
789 2986 978 3059 deprehendit,
992 2987 1019 3038 iu
1031 3005 1085 3057 quo
1096 2987 1211 3057 primum

160 3085 188 3120 se
198 3086 253 3119 esse
267 3070 457 3134 malletCsssar,
470 3089 549 3140 quam
565 3071 654 3121 llomm
666 3067 819 3121 secundum.
841 3067 935 3120 Nullus
950 3079 1037 3119 autem
1056 3066 1096 3118 vel
1115 3067 1142 3117 in
1156 3067 1211 3136 ipsa

160 3159 276 3218 paterna
289 3146 398 3212 domus,
410 3150 451 3201 vel
465 3149 492 3200 in
504 3149 695 3202 rhetoricarum
708 3149 873 3201 cilicinarum
885 3148 989 3210 umbra,
1004 3146 1133 3197 curiosam
1150 3145 1212 3198 Plu·

160 3225 246 3275 tarchi
261 3227 342 3278 aciem
358 3228 454 3296 fugiam
467 3228 513 3298 qui
525 3231 578 3299 jam
594 3229 621 3281 in
640 3229 753 3300 pueritia
766 3228 913 3299 pervicaces
921 3240 947 3279 et
963 3225 1072 3278 invictas
1080 3225 1210 3277 Catonum

162 3303 261 3354 animas
277 3302 382 3374 detegit.
403 3307 469 3358 Nam
488 3325 546 3376 que
560 3309 676 3378 pericula
693 3327 808 3378 uuquam
832 3307 965 3372 horrebit,
987 3324 1065 3374 quem
1092 3324 1211 3358 nemora

162 3379 272 3452 quidem
287 3383 358 3436 lleait
372 3403 456 3454 puero
469 3404 484 3436 a
499 3386 579 3437 latiis
596 3388 684 3457 legatis
701 3385 844 3440 intentata?
863 3388 948 3452 Quem
980 3403 1095 3456 unquam
1121 3397 1211 3456 tyran·

163 3461 319 3525 nuntient,
335 3463 381 3533 qui
399 3463 469 3535 ipsos
488 3465 564 3516 etiam
577 3465 646 3516 inter
658 3465 850 3538 condiscipulos
865 3467 970 3538 tyranni
982 3465 1066 3516 lilium
1081 3465 1175 3535 pugnis
1186 3476 1212 3516 et

163 3540 312 3610 unguibus,
324 3560 405 3612 quum
416 3543 490 3595 aliter
499 3563 553 3596 non
565 3557 666 3614 posset,
678 3546 778 3600 lacessit
788 3559 814 3598 et
823 3544 1005 3617 persequitur?
1017 3544 1139 3596 infinitus
1149 3543 1211 3606 sim,

163 3620 185 3672 si
200 3619 288 3671 omnia
302 3621 454 3693 hujusmodi
469 3624 585 3694 esempla
597 3624 641 3677 bic
657 3625 751 3678 aller-re
763 3626 851 3678 velim.

201 3697 254 3752 Sed
266 3718 348 3770 quum
361 3701 430 3754 inter
445 3703 564 3755 homines
587 3701 675 3756 adesse
695 3723 797 3776 semper
818 3703 938 3757 videntur
951 3717 1028 3753 suum
1043 3701 1139 3770 cuique
1160 3700 1212 3752 rir-

162 3779 212 3830 tuti
230 3779 337 3844 titium,
358 3781 393 3835 sic
411 3801 542 3834 summum
559 3781 625 3835 illud
645 3803 749 3836 morum
768 3797 793 3836 et
810 3785 918 3854 privata
932 3781 992 3833 vite
1012 3777 1127 3832 studium
1146 3779 1211 3830 scri-

161 3869 264 3928 ptorem
279 3859 312 3912 ad
334 3857 362 3912 id
380 3859 503 3926 adduxit,
519 3875 549 3914 ut
566 3861 686 3933 quedam
706 3863 810 3916 levioris
829 3875 855 3916 et
876 3860 948 3932 quasi
967 3857 1064 3912 nullius
1084 3857 1210 3909 momenti

162 3950 272 3991 notaret.
293 3941 432 3994 Neminem
445 3959 506 3994 sane
520 3941 600 4008 lallit,
615 3956 714 3996 veteres
729 3943 868 3995 maximam
887 3943 914 3992 in
928 3936 1060 3992 servandis
1073 3937 1209 4007 auspiciis,

163 4011 339 4092 adeundisque
350 4021 461 4075 oraculis
477 4039 566 4074 curam
580 4023 709 4092 posuisse,
729 4039 882 4094 aequarem
897 4018 1022 4071 historico
1038 4013 1210 4068 omittendam

161 4107 261 4152 Maso,
283 4103 317 4153 At
330 4103 438 4156 minime
453 4119 556 4156 necesse
569 4113 620 4167 est,
636 4115 667 4154 ut
681 4103 825 4156 fabulosam
836 4097 896 4154 ideo
907 4097 1066 4168 ineptiarum
1077 4095 1171 4150 seriem
1183 4097 1211 4150 in
