3284 5150
396 511 470 584 270
662 485 927 555 CORNELII
956 485 1186 556 NEPOTIS

367 623 510 713 ¹ltaque
530 617 574 686 ad
594 616 772 688 adrentum
804 615 1061 713 imperatorum*
1084 617 1126 686 de
1148 618 1221 688 foro
1243 616 1425 688 decesserat
1445 669 1456 702 ,

394 727 512 796 timens
534 726 826 820 proscriptionem
847 723 1032 818 latebatque
1053 723 1143 819 apud
1164 726 1199 792 P.
1214 723 1457 810 Volumnium,

395 833 449 902 cui
457 885 467 918 ,
476 845 514 900 ut
526 830 744 916 ostendimus,
757 829 857 924 paulo
865 845 943 900 ante
955 855 1051 925 opem
1063 824 1203 914 tulerat(
1213 844 1305 904 tenta
1315 833 1457 898 varietas

393 938 433 1006 iis
442 937 645 1032 temporibus
659 936 721 1005 fuit
737 936 892 1021 fortune,
903 951 941 1006 ut
955 935 1055 1006 modo
1068 936 1119 1024 hi,
1132 935 1233 1005 modo
1246 935 1309 1021 iiii,
1319 937 1352 1004 in
1365 961 1457 1004 sunr-

395 1069 451 1114 mo
465 1057 573 1112 essent
591 1057 650 1110 aut
667 1041 809 1137 fastigio,
827 1057 884 1111 aut
899 1040 1062 1136 pericuio'
1078 1034 1105 1130 >3
1120 1041 1328 1136 habebatque
1342 1065 1457 1110 secum

395 1151 437 1238 Q.
452 1148 595 1218 Gellium
611 1151 759 1236 Canum,
771 1147 928 1242 aequalem
940 1148 1205 1241 simillimumque
1216 1148 1275 1216 sui.
1288 1151 1361 1216 Hoc
1371 1172 1457 1242 quo-

394 1280 459 1350 que
473 1258 513 1326 sit
535 1256 634 1324 Attici
658 1254 812 1324 bonitatis
832 1253 1039 1348 exemplum,
1061 1253 1150 1348 quod
1173 1278 1249 1323 cum
1270 1277 1335 1339 eo,
1355 1277 1456 1346 quem

394 1387 535 1457 puerum
557 1359 682 1429 inludo
700 1375 918 1456 cognoverat,
935 1360 1019 1428 adeo
1039 1361 1214 1454 conjuncte
1236 1360 1336 1455 vixit,
1353 1373 1392 1427 ut
1412 1359 1457 1429 ad

394 1482 574 1538 extremam
588 1481 714 1536 {etatem
727 1469 868 1536 amicitia
880 1491 994 1536 eorum
1008 1467 1157 1536 creverit
1172 1467 1334 1534 Antonius
1343 1479 1456 1534 autem

395 1576 455 1644 etsi
467 1588 560 1642 tanto
570 1559 1335 1655 odioferebatur³inCicemnem,utnonsoium
1347 1571 1456 1659 ei,sed

396 1680 550 1750 omnibus
576 1679 673 1747 etiam
694 1679 764 1772 ejus
786 1681 898 1748 amicis
918 1692 1004 1748 esset
1022 1679 1193 1763 inimicus,
1212 1701 1334 1772 eosque
1357 1677 1457 1745 veliet

397 1785 619 1881 proscribere3
635 1783 746 1854 multis
763 1785 974 1854 hortantibus
989 1799 1116 1870 tamen,
1136 1785 1237 1853 Attici
1251 1809 1378 1853 memor
1393 1783 1456 1852 fuit

398 1891 514 1968 officii,
532 1905 565 1959 ct
585 1893 633 1977 ei,
653 1915 755 1984 quum
775 1893 981 1985 requisisset,
996 1890 1128 1961 ubinam
1151 1905 1253 1977 esset,
1274 1913 1332 1959 sua
1353 1913 1454 1958 manu

399 1997 552 2090 scripsit,
572 2021 614 2064 ne
634 1997 784 2082 timeret,
805 1999 979 2092 statimque
1003 1995 1044 2064 ad
1069 2022 1104 2064 se
1125 1997 1252 2064 veniret
1277 2021 1285 2062 τ
1312 2021 1346 2064 se
1377 2019 1453 2064 curn

398 2115 431 2171 et
449 2100 533 2170 iliius
552 2125 651 2171 causa
671 2101 815 2172 Gellium
832 2106 961 2172 Canum
980 2102 1021 2170 de
1034 2103 1293 2197 proscriptorum
1315 2125 1454 2170 numero

398 2210 563 2278 exemisse.
590 2211 661 2294 Ac,
689 2209 847 2302 nequod
882 2212 915 2278 in
949 2208 1132 2303 periculum
1163 2208 1342 2292 incideret,
1364 2207 1452 2302 quod

399 2328 498 2382 noctu
519 2313 635 2400 fiebat,
651 2316 835 2409 praesidium
850 2319 879 2384 ei
896 2317 991 2384 misit.
1010 2317 1063 2384 Sic
1077 2317 1204 2384 Atticus
1219 2317 1251 2383 in
1269 2339 1399 2384 summo
1413 2313 1453 2380 ti·

399 2445 492 2490 more
510 2446 576 2490 non
597 2420 701 2490 solum
719 2423 795 2508 sibi,
811 2422 868 2490 sed
888 2423 985 2490 etiam
1002 2422 1049 2508 ei,
1068 2445 1165 2515 quem
1181 2423 1373 2492 carissimun
1390 2421 1452 2490 ira·

399 2526 516 2612 bebat,
531 2526 680 2620 praesidio
696 2528 767 2596 fuit.
788 2530 905 2622 Neque
920 2529 1008 2595 enim
1028 2551 1094 2596 suae
1109 2515 1233 2598 solum⁴
1252 2551 1270 2596 n
1287 2549 1452 2622 quoquam

399 2631 554 2701 auxilium
570 2634 662 2727 petiit
674 2633 801 2719 salutis,
815 2633 871 2703 sed
888 2633 1089 2726 conjunctim
1103 2659 1112 2716 3
1125 2647 1162 2702 ut
1178 2647 1367 2728 appareret,
1385 2631 1453 2702 nul·

399 2737 463 2806 lum
480 2738 660 2832 sejunctam
679 2735 740 2809 sibi
755 2740 797 2808 ab
812 2763 852 2809 eo
871 2738 954 2809 velie
976 2739 1152 2828 fortunam.
1167 2739 1269 2828 Quod
1287 2739 1315 2810 si
1333 2739 1453 2870 puber·

399 2857 496 2914 notor
516 2847 680 2940 praecipua
696 2845 791 2914 laude
806 2846 926 2932 fertur,
938 2847 995 2940 qui
1016 2870 1134 2915 navem
1154 2871 1194 2914 cx
1213 2847 1320 2915 hieme
1361 2847 1455 2914 mari-

397 2975 462 3044 que
481 2951 655 3045 scopuloso
673 2966 782 3022 servat
795 2979 805 3036 3
820 2977 881 3021 cur
897 2977 963 3021 non
982 2950 1154 3047 singularis
1168 2953 1238 3046 ejus
1252 2954 1454 3022 existimetur

439 3167 504 3218 Cir.
517 3165 551 3218 X.
566 3183 589 3218 1.
601 3166 779 3236 Inqremtorum.
793 3167 904 3220 Antonii
989 3168 1015 3220 3.
1026 3168 1165 3222 Ferebatur.
1175 3167 1454 3240 lroimpetum,quum

346 3236 349 3245 ¹
391 3245 512 3318 scilicet,
524 3243 627 3297 Octavii
641 3257 668 3297 et
682 3244 784 3316 Lepidi.
796 3249 835 3299 De
844 3247 902 3319 qni·
948 3258 1012 3309 emt,
1025 3249 1106 3320 magis
1120 3245 1243 3301 ostendit.
1255 3280 1296 3291 -
1305 3249 1376 3318 Ejus.
1390 3248 1454 3314 Qui·

399 3323 449 3376 bus
461 3321 523 3376 vide
538 3324 659 3388 Florum,
674 3323 724 3389 IV,
738 3329 764 3379 6.
948 3325 1009 3380 dam
1026 3327 1087 3382 iibri
1102 3331 1150 3380 suis
1161 3327 1269 3382 habeut.
1284 3327 1335 3380 Hic
1348 3341 1451 3386 autem.

442 3421 467 3455 r.
484 3403 603 3455 Periculo.
616 3403 677 3456 Non
691 3404 799 3477 proprie
814 3405 841 3457 in
855 3404 905 3458 hac
947 3419 1057 3478 propter
1066 3405 1214 3480 precedens
1228 3413 1265 3469 ei,
1280 3410 1330 3478 ejus
1343 3419 1452 3479 antepo-

401 3481 567 3554 opporitione
579 3481 721 3553 respondet
726 3486 843 3554 sastr'gr'o,
859 3484 905 3538 sed
948 3487 1053 3539 suerin.

401 3580 449 3632 per
466 3565 521 3632 ejus
536 3562 734 3632 explicationem
749 3577 775 3618 et
786 3583 904 3631 sensum,
989 3572 1015 3629 4.
1042 3565 1125 3638 Neque
1146 3571 1206 3618 enim
1224 3585 1274 3618 suoe
1290 3567 1379 3626 roim,
1401 3577 1451 3618 etc.

401 3654 431 3694 ut
444 3640 569 3712 repetit,
585 3641 630 3694 ubi
644 3661 734 3697 sensus
747 3646 904 3710 verborum,
948 3645 1003 3698 Nee
1029 3646 1101 3698 enim
1125 3647 1263 3718 separatim
1293 3661 1452 3717 quemquam

401 3739 454 3774 uon
464 3720 543 3773 verba
554 3735 713 3792 spectantur.
725 3724 905 3779 Tre-Get·
947 3743 1000 3777 rute
1029 3725 1090 3778 vitai
1117 3737 1294 3796 protectorem
1323 3725 1450 3796 quuivit.

401 3799 457 3851 lium
482 3799 582 3853 carm.
606 3801 667 3854 Non
686 3816 773 3857 autem
794 3803 903 3867 Canium,
947 3803 1082 3858 Counrrr.

400 3879 546 3951 etquidem
556 3878 702 3948 dederunt,
718 3884 818 3955 quippe
832 3882 905 3956 quod
997 3883 1023 3954 ⁵,
1047 3885 1141 3936 Hieme.
1170 3882 1261 3936 Hiems
1282 3881 1422 3954 sepissime
1436 3900 1452 3933 ι

399 3976 545 4029 cognomen
565 3961 657 4016 Gelliis
673 3963 820 4034 proprium.
838 3964 905 4017 Cani
947 3963 1064 4028 Latinis,
1080 3975 1130 4016 ete
1143 3963 1228 4033 poetis
1242 3963 1389 4034 precipue,
1402 3979 1452 4034 pro

400 4038 520 4092 meminit
535 4039 628 4093 Cicero
644 4043 755 4112 passim,
772 4055 800 4095 ut
820 4043 903 4112 Epist.
948 4053 1101 4114 tempestate
1108 4055 1258 4113 usurpatur.
1274 4039 1453 4094 ConsuleSer·

398 4112 432 4166 ad
442 4117 498 4170 An.
514 4119 584 4172 xnt
593 4121 658 4185 ‚dm
672 4121 715 4174 sic
727 4135 752 4174 et
767 4133 819 4174 vet.
833 4121 903 4174 libri.
947 4121 1021 4178 vium
1036 4119 1070 4176 ad
1087 4121 1182 4192 Virgii
1197 4119 1302 4176 AEneid.
1315 4121 1352 4190 V,
1365 4139 1392 4174 v.
1405 4138 1451 4176 11:
