3200 5130
516 495 823 565 MILTIADES.
1155 527 1197 600 17

40 589 41 636 i
140 625 330 724 opinionem
336 611 360 715 ⁶,
374 626 503 720 signum
517 649 537 694 a
551 625 723 698 classiariis
738 630 835 723 regiis
848 627 963 698 datum
975 655 982 697 :
998 655 1064 726 quo
1076 633 1200 708 facturn

140 748 209 819 est,
235 748 273 802 ut
293 746 326 800 ct
343 733 430 800 Parii
448 759 467 801 a
488 732 653 802 deditione
671 731 946 823 deterrerentur⁷,
963 752 997 806 et
1015 737 1200 834 Miltiades,

141 842 258 908 tirnens
272 863 314 908 ne
331 836 442 908 classis
457 841 545 933 regia
554 839 765 927 adventaret,
783 842 923 910 incensis
937 844 1109 937 operibus,
1129 875 1201 943 qun

140 959 319 1031 statuerat,
345 969 421 1014 curn
450 944 586 1014 totidem
616 945 754 1014 navibus
783 959 882 1039 atque
915 963 986 1016 erat
1012 951 1201 1044 profectus,

141 1052 286 1120 Athenas
311 1075 530 1146 magnacum
558 1049 740 1122 offensione
765 1054 886 1120 civium
915 1078 1050 1125 suorurn
1069 1058 1200 1130 rediret.

142 1163 322 1227 Accusatus
349 1181 430 1252 ergo
459 1143 699 1250 proditionis⁸‚
724 1157 838 1252 quod,
861 1183 962 1252 quum
990 1165 1118 1231 Paron
1141 1193 1201 1236 ex-

142 1286 290 1358 pugnare
307 1277 432 1355 posset,
448 1287 557 1356 arege
570 1277 763 1358 corruptus,
785 1264 914 1333 infectis
925 1266 1039 1354 rebus,
1056 1294 1074 1338 a
1090 1295 1201 1367 pugna

142 1367 348 1440 discessisset.
364 1371 415 1437 Eo
430 1383 579 1463 ternpore
597 1393 684 1462 ager
703 1383 776 1437 erat
787 1368 993 1460 vulneribus,
1011 1398 1084 1467 quae
1099 1378 1132 1444 in
1148 1405 1202 1474 op

142 1475 321 1571 pugnando
342 1473 464 1570 oppido
478 1489 660 1569 acceperat.
678 1477 811 1569 Itaque,
829 1478 985 1570 quoniam
1005 1479 1074 1572 ipse
1090 1507 1152 1576 pro
1168 1511 1202 1554 se

141 1582 248 1651 dicere
273 1605 341 1649 non
363 1595 493 1675 posset,
514 1581 618 1649 verba
640 1604 702 1674 pro
726 1581 866 1650 coiecit
888 1583 990 1651 frater
1015 1585 1084 1678 ejus
1106 1591 1201 1660 Tisa-

141 1685 264 1782 goras⁹.
286 1689 395 1757 Causa
416 1684 596 1782 cognita¹⁰‚
616 1688 732 1780 capitis
752 1686 936 1775 absolutus,
956 1695 1095 1782 pecunia
1113 1695 1201 1765 ntul-

142 1808 226 1862 tatus
247 1807 320 1862 est:
337 1817 440 1888 eaque
462 1791 501 1862 lis
520 1793 759 1886 quinquaginta
779 1793 937 1862 talentis¹¹
962 1797 1120 1869 estinan
1137 1816 1201 1892 est,

141 1915 281 1994 quantus
301 1901 336 1967 in
355 1897 492 1968 classem
511 1913 661 1993 sumptus
683 1898 791 1968 sactus
812 1914 891 1970 erat.
912 1903 1006 1970 Hanc
1025 1909 1201 1996 pecuniam

142 2005 227 2100 quod
243 2004 371 2074 solvere
387 2007 420 2073 in
436 2007 608 2099 prasentia
617 2030 685 2094 non
696 2019 840 2099 poterat,
854 2007 889 2074 in
898 2007 1200 2104 vincula'²publica

142 2113 307 2206 conjectus
327 2125 393 2198 est,
415 2111 526 2205 ibique
543 2111 630 2180 diem
645 2111 728 2180 obiit
741 2135 941 2205 supremum.

143 2317 287 2382 existiman
309 2317 423 2390 quippe,
446 2327 511 2370 teste
530 2315 645 2369 celeber·
690 2317 886 2388 lustium,iug.
899 2317 1198 2390 CIV,etpassint:·M..

142 2395 207 2448 rimo
224 2396 405 2468 Gay-Limne,
415 2395 511 2448 barum
526 2397 647 2448 combus-
690 2395 745 2448 rius
757 2409 910 2468 postquam,
926 2388 1024 2452 infecto
1039 2419 1093 2471 quo
1109 2403 1196 2456 inten-

143 2474 241 2528 tionum
263 2489 334 2529 certa
350 2475 438 2529 adbuc
461 2475 579 2546 exempla
598 2473 645 2526 de·
689 2472 764 2528 derat
775 2477 892 2546 negotio,
905 2476 1005 2530 Cirtam
1017 2478 1094 2533 redit
1112 2509 1122 2530 ι

143 2553 295 2610 siderantnr.
731 2573 757 2622 9.
768 2555 905 2624 Tisagoras.
915 2556 1081 2628 Quiquidern
1088 2575 1198 2616 vocatur

179 2639 205 2688 6.
218 2637 326 2687 Venitin
337 2639 476 2706 opinionem.
487 2631 530 2686 Sic
540 2633 568 2686 in
579 2633 647 2686 Atti·
690 2634 722 2685 ab
735 2631 834 2686 Herod.
847 2634 865 2686 l.
879 2653 902 2686 c.
917 2633 1078 2706 Stesagoras,
1090 2658 1121 2693 ae
1132 2644 1199 2695 mul.

143 2731 186 2778 oo,
196 2715 236 2767 IX
246 2733 254 2767 ε
266 2715 386 2767 «nemini
395 2715 467 2767 enirn
478 2713 505 2765 in
513 2715 645 2783 opinionem
689 2723 799 2776 tonate,
809 2729 887 2782 quam
901 2713 952 2764 hoc
967 2715 1083 2769 Miltiadi
1098 2719 1197 2774 accide-

144 2793 217 2847 venit.
227 2821 239 2840 ι
247 2793 315 2847 satis
323 2794 467 2846 insolenter
475 2811 527 2864 pro
535 2793 562 2844 in
574 2809 646 2844 men·
688 2791 735 2858 rit,
749 2791 859 2844 obierat

144 2883 200 2926 tent.
213 2906 253 2916 —
268 2873 406 2925 classiariis
419 2876 499 2942 regiis.
513 2871 644 2926 Militibus
731 2889 774 2924 to.
787 2871 868 2923 Causa
881 2873 985 2940 cognita.
999 2872 1083 2926 Causa
1095 2879 1193 2930 exami-

143 2951 223 3005 classis
235 2951 318 3006 Darii.
687 2962 755 3004 nata.
777 2982 818 2992 -
835 2950 928 3020 Capitis
951 2951 1080 3005 absolutas.
1096 2956 1195 3011 Amicis

179 3051 205 3102 7.
213 3033 404 3083 Deterrerentur.
415 3034 437 3083 Α
450 3029 587 3082 voluntate
600 3029 644 3082 de·
687 3047 791 3084 causam
801 3033 857 3101 ejus
871 3031 1055 3102 agentibus‚et
1067 3035 1195 3090 beneficia

142 3107 246 3164 ditionis
258 3108 643 3174 deducerentur‚sibinPersis
687 3111 784 3182 quibus
804 3111 917 3182 patriam
942 3111 993 3163 sibi
1018 3113 1194 3170 obstrinxerat

142 3189 572 3260 metuentes-Incensisoperihus.
585 3189 644 3240 Mu·
687 3189 1194 3260 commeruerantibus,l{erod.li1;nsnt
1295 3245 1300 3252 .

142 3269 297 3323 nitionibus:
306 3271 404 3322 vallum
416 3269 486 3322 enim
494 3287 525 3320 ex
533 3266 643 3320 sudibus
686 3269 749 3322 alias
763 3287 834 3320 mors
850 3267 1011 3340 proditionis
1026 3290 1113 3342 ptena-

142 3361 165 3402 et
178 3351 294 3402 turribus
310 3350 460 3414 constabat;
469 3365 503 3400 ne
512 3348 571 3419 quis
582 3367 643 3401 curn
729 3367 774 3401 ιι.
790 3348 972 3420 Quinquaginta
986 3352 1088 3405 talentis.
1104 3354 1194 3408 Nostri

142 3428 224 3500 Magio
236 3427 643 3496 sineas‚testudines‚etrnachi·
686 3427 744 3480 aeris
766 3427 890 3498 28⁵,537
916 3429 1037 3482 invide
1061 3433 1192 3496 Letronne,

142 3525 184 3560 nas
196 3509 301 3561 bellicas
314 3508 426 3579 intelligi
441 3519 524 3579 putet.
537 3507 640 3559 Rosius.
683 3505 880 3560 'consideration
892 3509 1014 3578 generales
1027 3531 1069 3561 sar
1081 3513 1114 3564 ies
1128 3535 1195 3566 non.

179 3591 203 3642 ll.
219 3587 377 3640 Proditionis.
388 3589 467 3639 Teste
482 3599 568 3639 autern
581 3587 642 3638 Jus-
686 3591 751 3638 naiat
761 3606 874 3659 greoques
887 3601 912 3638 et
925 3593 1055 3652 romoines,
1071 3610 1129 3663 pag.
1146 3595 1192 3662 93.

142 3666 206 3732 tino,
216 3667 257 3732 11,
275 3668 327 3732 15;
343 3685 372 3719 ac
386 3667 494 3726 Seneca,
515 3667 641 3719 Controv.
685 3665 880 3719 —AEstirnata.
896 3665 946 3720 llic
960 3667 1091 3740 impensas
1104 3673 1131 3724 in
1146 3691 1193 3724 na·

141 3745 186 3809 tx,
197 3747 368 3819 t‚peenlatus.
379 3779 418 3789 -
427 3746 500 3815 Rege.
506 3751 642 3798 Persarum
686 3745 759 3798 vium
775 3747 945 3799 lubricatione
958 3761 1066 3818 spectat.

140 3825 206 3877 enirn
224 3845 298 3896 reges
313 3845 367 3878 non
383 3825 468 3879 solum
486 3826 583 3888 acuis,
597 3823 643 3878 sed
731 3843 774 3878 ra.
794 3825 824 3877 In
843 3826 941 3876 oincrsln
962 3827 1068 3896 publica.
1089 3828 1193 3882 Vincula

141 3905 214 3956 etiarn
224 3923 238 3958 a
250 3906 339 3976 grecis
353 3905 521 3975 romanisque
531 3905 642 3976 scripto·
687 3903 847 3974 respondere
854 3901 1035 3956 Rornanorum
1045 3925 1128 3967 nervo,
1140 3927 1194 3980 quo

140 3983 302 4050 ribus‚nunc
313 3985 414 4055 μιγᾶοι
423 3983 544 4048 icontie,
554 3984 642 4054 magni
685 3981 766 4055 pedes
780 3983 934 4034 vinciuntur
943 4001 1035 4035 eorum
1044 4022 1051 4049 ,
1061 3985 1105 4056 qui
1115 4007 1195 4061 prop.

141 4080 223 4134 reges,
235 4083 308 4118 nunc
317 4065 435 4117 absolute
445 4082 511 4133 reges
520 4061 642 4115 diceban·
688 4077 728 4115 ter
748 4079 781 4113 aes
799 4062 859 4114 nexi
883 4075 976 4128 erant,
990 4077 1066 4134 putat
1087 4067 1192 4122 Rosius.

140 4145 343 4212 tun—insectis
359 4143 435 4198 rebus.
448 4143 489 4197 lta
502 4140 572 4215 apud
587 4141 642 4195 Sal·
687 4143 774 4196 Hau.
791 4171 830 4185 -
846 4141 917 4194 Diem
930 4142 991 4194 obiit
1002 4165 1142 4216 supremum.
1154 4149 1193 4201 Its

989 4277 1008 4321 2
