3282 5156
494 463 943 534 OBSERVATIONES.
1173 466 1241 538 321

191 588 357 662 temporibus
366 589 504 646 floruerint
513 594 591 647 simul
600 593 651 647 viri
663 594 777 666 insignes
787 593 873 646 Grasci
883 607 962 665 atque
973 595 1094 648 Romani.
1103 595 1143 650 De
1152 597 1254 650 Hormi

191 683 267 724 astate
279 671 390 742 loquens
401 671 443 726 bis
457 674 545 727 verbis
558 674 642 727 utitur
661 692 668 726 :
691 699 703 720 ·
714 674 752 727 Ut
769 674 894 726 Corneliis
910 674 990 744 Nepos
1005 675 1033 727 in
1046 675 1133 748 primo
1148 675 1251 729 Cironi-

189 769 270 804 φησι
287 749 363 803 dixit.
374 777 385 799 ι
408 752 504 806 &tum
518 753 598 806 etiam
616 753 644 806 in
660 755 813 825 Polybirtore
831 751 864 806 ad
880 754 951 807 looos
972 767 1099 824 provocat
1115 774 1130 808 e
1148 757 1252 828 Nepote

189 830 403 902 chronologicos,
418 833 465 904 qui
484 833 541 885 sine
561 831 644 886 dnbio
666 832 700 886 ad
712 831 835 886 eumdem
855 834 952 886 librum
971 834 1114 905 pertinent.
1138 835 1196 888 Hoc
1213 849 1252 890 est

189 907 257 962 illud
272 909 359 980 ipsum
374 929 454 983 opus,
476 911 549 983 quod
563 911 674 966 &tullio
688 913 776 968 innuit
791 913 819 966 in
832 914 1026 988 Epigrammate
1040 911 1250 984 dedioatoriottd

191 989 346 1044 Cornelium
361 991 510 1062 Nepotem:
1239 1023 1241 1028 ·

400 1105 479 1162 Quum
491 1119 559 1150 ansus
573 1119 611 1158 es,
623 1119 682 1150 unus
694 1105 819 1160 Italorum,

345 1185 419 1229 Omne
431 1199 503 1230 arrum
515 1183 589 1230 tribus
600 1183 716 1246 explicare
727 1183 825 1239 charus,

345 1264 442 1318 noctis,
458 1264 563 1326 iupiter!
575 1274 598 1312 et
608 1265 737 1312 laboriosis.

191 1380 287 1451 Liquet
300 1397 331 1432 ex
347 1378 502 1443 hiaverbis,
516 1391 569 1432 tres
582 1377 729 1431 elaboratos
739 1396 794 1430 esse
803 1377 950 1432 aCornelio
957 1377 1040 1432 libros
1047 1379 1251 1450 Cbrouioorntn,

191 1459 238 1532 qui
250 1457 396 1512 secundum
411 1459 534 1511 usitatam
553 1457 630 1510 istam
645 1455 803 1510 divisionem
821 1457 855 1511 ad
868 1470 969 1530 tempus
982 1453 1094 1524 tinto,
1115 1464 1211 1531 potito
1225 1476 1251 1516 et

191 1541 291 1609 ἶςοριιόν
305 1537 449 1610 respexisse
460 1536 593 1591 videntur.
888 1565 892 1572 ·

231 1619 401 1689 Exemplorum
409 1616 528 1671 Cornelii
536 1616 648 1688 Nepotis
655 1617 754 1669 librum
761 1616 884 1688 quintum
893 1635 1013 1689 expresse
1020 1620 1138 1672 nominat
1144 1617 1250 1684 Gellio,

191 1698 278 1764 LVII,
293 1718 316 1751 c.
332 1695 546 1762 rs‚dumfidem
555 1699 735 1750 Romanorum
744 1695 875 1766 oollaudpt
888 1697 915 1749 in
925 1695 1055 1750 servando
1069 1697 1251 1770 jurejurando.

192 1777 316 1832 (litantur
328 1777 410 1830 iidem
427 1777 518 1830 libria
535 1777 622 1829 Fluvio
640 1775 766 1847 Sopatro
782 1777 909 1838 Claudio,
932 1776 1013 1829 seculi
1031 1778 1118 1848 quinti
1134 1781 1253 1835 exeuntis

192 1855 379 1910 Grammatioo.
409 1885 411 1888 ·

231 1939 366 2008 Allegatur
381 1935 459 1988 etism
479 1954 493 1987 a
509 1935 605 1997 Gellio,
627 1936 750 2000 1.x1‚e.
767 1939 782 1991 8
795 1972 803 2000 ,
817 1935 924 1988 Cornelii
935 1936 1036 2006 Nepotis
1047 1935 1115 1993 liber
1135 1933 1170 1990 de
1185 1939 1254 1992 Vtir's

191 2016 337 2070 Illustrtbus.
364 2016 494 2068 Narratur
512 2016 550 2068 ibi
570 2033 602 2066 ex
625 2034 657 2066 eo
673 2015 711 2067 M.
736 2015 835 2068 &ono
855 2015 994 2069 dicterium
1015 2015 1043 2069 in
1064 2017 1095 2069 Α.
1117 2017 1251 2074 Albinum.

192 2097 285 2163 Quum·
296 2094 364 2148 illud
375 2113 430 2148 non
445 2107 566 2148 occurrat
584 2094 612 2146 in
629 2094 683 2146 vita
697 2095 806 2147 Catonis
828 2092 972 2148 admodum
991 2095 1080 2160 brevi,
1099 2115 1158 2168 qun
1176 2098 1253 2152 nobis

192 2177 282 2230 relicta
297 2188 351 2242 est,
371 2187 398 2226 et
413 2191 471 2244 qun
485 2173 615 2244 particula
632 2173 683 2226 luit
701 2173 763 2226 libri
779 2175 850 2244 ejus,
865 2192 944 2246 quem
963 2171 997 2226 de
1017 2174 1148 2228 historicis
1164 2176 1253 2232 latinis

191 2254 362 2326 conseripsit,
377 2253 500 2306 baustum
511 2251 617 2305 videtur
626 2271 641 2304 e
650 2253 733 2316 libro,
747 2269 825 2323 quem
838 2253 961 2305 Cornelius
974 2254 1112 2324 separatim
1122 2271 1150 2308 se
1163 2255 1253 2310 fecisse

192 2337 228 2388 ait
240 2333 275 2388 de
284 2333 400 2397 Catone,
415 2344 509 2402 rogatu
519 2331 659 2402 Pomponii
670 2331 764 2396 Attici}
775 2342 802 2384 et
812 2331 856 2384 bic
867 2332 935 2384 liber
947 2332 1153 2404 comprehensus
1161 2347 1253 2405 postea

193 2427 245 2478 est,
258 2411 366 2482 adjectis
374 2411 496 2483 pluribus
502 2411 577 2480 vitis,
588 2429 620 2463 eo
632 2428 729 2482 opere,
742 2409 815 2482 quod
828 2410 861 2465 de
872 2411 937 2464 viris
948 2410 1094 2465 illustribus
1104 2412 1251 2484 inseripsit;

193 2493 244 2546 nisi
263 2492 332 2545 forte
351 2489 459 2544 eredere
478 2490 538 2562 quis
555 2490 635 2554 velit,
656 2488 730 2560 quod
747 2490 791 2542 aix
811 2491 877 2546 mibi
901 2488 1086 2562 persuadeam,
1115 2489 1251 2546 Cornelium

193 2572 278 2626 tribus
302 2569 413 2624 diversis
429 2570 520 2633 libris,
539 2567 696 2641 diversoque
718 2569 853 2632 instituto,
874 2569 908 2623 de
930 2567 1047 2640 ejusdem
1068 2571 1176 2623 Catonis
1196 2573 1251 2626 vita

193 2652 334 2724 scripsisse.
355 2651 424 2704 Mihi
443 2650 522 2702 etiam
546 2661 586 2701 est
606 2649 762 2720 probabile,
775 2653 851 2701 vitam
869 2650 998 2719 Pomponii
1013 2650 1093 2708 Attici
1114 2669 1169 2703 non
1195 2669 1250 2710 esse

193 2733 244 2786 uisi
255 2743 356 2804 partem
365 2727 482 2802 ejusdem
492 2729 580 2800 operis
588 2727 623 2782 de
632 2728 696 2782 viris
704 2729 850 2782 illustribus
860 2748 875 2782 a
885 2728 973 2782 Gellio
984 2729 1093 2800 perlecti
1100 2741 1127 2782 et
1137 2729 1248 2801 allegati.

193 2812 342 2884 Pomponio
355 2811 425 2865 enim
432 2812 492 2881 jure
505 2807 650 2862 debebatur
660 2808 733 2862 loeus
744 2809 812 2860 inter
822 2809 893 2862 viros
903 2809 1031 2873 illustres,
1044 2827 1099 2861 non
1108 2827 1171 2860 vero
1180 2809 1249 2863 inter

193 2892 347 2947 excellenter
363 2891 550 2961 imperatores,
565 2886 599 2942 de
616 2888 713 2960 quibua
728 2888 756 2940 in
773 2888 825 2940 elio
840 2907 921 2959 opere
937 2889 990 2958 egit
1007 2888 1138 2942 Cornelius.
1166 2887 1248 2953 Quod

193 2989 256 3025 vero
271 2971 328 3024 buo
341 2988 392 3023 una
405 2968 533 3040 particula
547 2967 701 3040 amplissimi
719 2967 861 3020 voluminis
876 2966 1002 3039 temporis
1016 2967 1181 3038 iniquitatem
1196 2969 1250 3022 sola

193 3051 333 3122 effugerit,
356 3047 528 3126 tribuendum
550 3047 657 3101 ridetur
674 3045 816 3118 diligentie
834 3047 904 3100 illius
927 3047 1044 3109 librarii,
1060 3046 1107 3118 qui
1127 3047 1251 3118 epistolas

194 3129 330 3184 Ciceronis
344 3127 378 3182 ad
393 3129 510 3182 Atticum
527 3128 674 3198 exscripsit,
687 3127 780 3198 ,eisque
792 3127 871 3179 evita
881 3126 961 3179 Attici
970 3127 1060 3179 lumen
1069 3125 1158 3179 alierri
1172 3145 1251 3200 posse

194 3207 315 3260 credidit.
338 3205 405 3261 Inde
423 3209 504 3270 sorte,
523 3223 604 3276 quum
626 3206 755 3278 perierint
768 3207 875 3277 reliquo
888 3207 949 3258 vitat
969 3203 1003 3258 ad
1018 3206 1117 3258 librum
1132 3204 1167 3259 de
1185 3208 1250 3261 viris

194 3285 339 3340 illmtribue
352 3287 529 3356 pertinentes,
548 3287 601 3339 sola
616 3287 670 3340 rita
684 3286 766 3339 Attici
780 3297 880 3340 serrata
891 3299 937 3340 est.
954 3285 1039 3339 Fuere
1052 3285 1098 3358 qui
1111 3299 1249 3357 negarent,

195 3365 304 3436 periisse
312 3365 418 3418 Cornelii
432 3383 499 3436 opus
513 3364 542 3416 de
556 3368 616 3416 viris
627 3365 765 3418 ilimtribus.
779 3366 895 3419 Reliotus
905 3379 945 3419 est
959 3365 1030 3418 enim
1043 3365 1146 3420 libellus
1154 3365 1248 3420 eodem

193 3445 302 3498 nomine
319 3443 471 3514 insignitus,
487 3455 513 3495 et
527 3461 542 3494 a
557 3444 637 3496 variis
653 3443 799 3500 editoribus
811 3446 922 3499 Cornelio
935 3442 1091 3516 adscriptus.
1110 3443 1161 3497 Sed
1174 3446 1250 3500 facile

194 3524 320 3598 perspicit
333 3524 480 3594 intelligens
492 3522 589 3588 lector,
600 3541 655 3576 non
671 3543 747 3596 posse
762 3525 834 3578 buno
845 3526 964 3578 libellum
976 3521 1009 3576 sd
1020 3523 1131 3594 Augusti
1143 3542 1248 3578 auream

194 3617 296 3659 etatem
311 3603 419 3666 referri,
441 3602 565 3664 etloum,
585 3621 664 3674 quem
684 3603 778 3658 Gellius
797 3605 923 3657 Cornelio
942 3622 969 3656 se
986 3601 1083 3656 debere
1098 3603 1150 3665 ait,
1170 3604 1198 3656 in
1214 3623 1247 3657 eo

194 3703 249 3738 non
265 3682 408 3736 invenitur.
428 3679 569 3736 Prnfixum
581 3679 690 3754 <pixidem
711 3695 749 3736 est
763 3683 826 3736 huic
845 3684 947 3746 libello,
964 3682 991 3734 in
1004 3680 1121 3734 editione
1135 3681 1248 3736 Franco·

192 3763 303 3818 lurtensi
317 3761 380 3815 anni
398 3761 485 3824 1608,
503 3759 609 3812 Cornelii
622 3761 724 3833 Nepotis
735 3781 845 3829 nomeu3
856 3761 903 3816 sed
920 3763 949 3814 in
961 3761 1114 3832 prulatione
1133 3761 1247 3814 ostendit

193 3843 306 3898 Androm
317 3842 441 3903 Solottus,
456 3839 545 3892 multis
554 3838 702 3914 lucidisque
713 3843 882 3912 argumentis,
893 3841 964 3894 buno
977 3839 1011 3894 de
1025 3840 1090 3893 viris
1102 3839 1247 3894 illustribus

192 3921 291 3977 librum
303 3939 389 3994 neque
399 3919 522 3983 Comeltb,
536 3937 623 3991 neque
636 3922 718 3973 Plinio
725 3960 733 3984 ,
747 3940 832 3994 neque
844 3921 957 3974 Suetonio
969 3916 1171 3972 adscribendum
1182 3939 1244 3974 esse.

193 4001 271 4056 Nunc
282 4002 417 4056 oommuni
431 4001 485 4054 tere
499 3997 667 4054 eruditorum
678 4019 807 4054 consensu
824 4000 927 4054 Aurelio
939 3999 1036 4052 Victori
1047 3997 1187 4063 tribuitur,
1200 4002 1248 4074 qui

191 4081 242 4138 aab
253 4083 360 4136 iuliano
373 4081 438 4138 vixit
449 4097 533 4152 usque
546 4077 579 4134 ad
592 4077 779 4135 Theodosium.

1017 4207 1057 4260 at
