3200 5130
487 481 822 552 ALCIBIADES.
1139 511 1188 584 79

126 631 240 686 tamen
261 610 354 682 illurn
372 636 476 682 unum
503 637 618 682 omnes
641 613 944 708 prosequebantur;
966 630 1021 705 et,
1043 616 1076 686 id
1102 620 1191 712 quod

128 745 298 815 nunquam
321 733 418 790 antea
443 742 510 818 usu
533 733 685 805 venerat,
712 720 774 790 nisi
799 717 961 815 Olympiae
990 724 1192 813 victoribus,

129 829 262 900 coronis
272 828 378 896 aureis
386 825 547 918 aeneisque
556 823 657 920 vulgo
665 825 861 894 donabatur.
871 825 932 896 llle
940 816 1195 922 lacrymans³tn-

130 933 193 1006 lem
208 931 472 1005 benevolentiam
488 932 609 1000 civium
622 955 757 1000 suorum
773 932 1193 1026 accipiebat,rcrniniscens

129 1041 260 1136 pristini
278 1040 437 1134 temporis
455 1036 678 1106 acerbitatem.
695 1039 872 1132 Postquam
887 1043 969 1108 Astu
987 1043 1094 1129 venit,
1109 1068 1193 1112 con-

130 1133 242 1216 cione⁴
254 1144 429 1232 advocata,
447 1145 494 1214 sic
511 1142 612 1212 verba
627 1143 766 1230 fecit‚ut
779 1167 878 1214 uerno
890 1159 958 1214 tam
974 1144 1062 1214 serus
1077 1146 1193 1232 luerit,

131 1253 209 1348 quin
223 1252 294 1347 ejus
305 1275 417 1320 casum
430 1248 633 1345 lacrymant,
642 1251 876 1344 inimicumque
889 1249 941 1318 his
954 1275 988 1320 se
997 1253 1193 1339 ostenderit,

131 1383 272 1454 quorum
298 1379 401 1452 opera
421 1357 528 1450 patria
551 1354 665 1450 pulsus
687 1355 796 1424 suerat
812 1381 820 1424 ε
839 1356 978 1450 proinde
1003 1380 1041 1427 ac
1064 1360 1090 1427 si
1111 1357 1192 1428 alius

130 1463 293 1560 populus,
310 1487 379 1530 non
395 1461 449 1531 ille
459 1464 543 1557 ipse,
561 1463 616 1556 qui
628 1477 699 1560 turn
708 1461 825 1546 llebat,
838 1486 914 1532 curn
930 1461 1088 1558 sacrilegii
1102 1464 1193 1534 dam·

131 1585 250 1640 nasset.
274 1571 437 1638 Restituta
459 1591 539 1661 ergo
559 1567 638 1646 huic
660 1580 738 1636 sunt
756 1566 887 1662 publice
908 1567 995 1636 bona
1008 1595 1017 1652 3
1032 1570 1194 1665 iidemque

132 1675 176 1746 illi
200 1673 406 1770 Eumolpidae
428 1673 614 1744 sacerdotes
637 1697 751 1744 rursus
769 1659 956 1744 resacrare⁵
975 1689 1053 1744 sunt
1073 1679 1194 1765 coacti,

132 1783 188 1876 qui
203 1807 280 1850 eum
297 1781 500 1850 devoverant
513 1807 524 1864 ς
537 1778 675 1875 pilaeque
688 1777 770 1867 illae,
787 1781 821 1848 in
837 1780 957 1875 quibus
971 1781 1103 1850 devotio
1119 1781 1194 1852 sue-

132 1902 183 1957 rat
193 1889 332 1982 scripta,
349 1889 382 1954 in
397 1910 488 1954 rnare
500 1887 719 1980 praecipitatae.

184 1997 264 2064 VII.
278 1995 357 2062 Haec
365 1991 526 2062 Alcibiadi
535 1990 645 2062 letitia
654 2015 721 2061 non
730 1992 828 2060 nimis
837 1990 899 2061 fuit
909 1991 1064 2062 diuturna
1075 1993 1095 2062 ¹.
1106 1997 1193 2064 Nam

133 2125 236 2194 quurn
250 2101 406 2168 domnos
424 2111 534 2166 essent
545 2099 688 2168 honores
703 2097 844 2184 decreti,
863 2112 997 2192 totaque
1010 2100 1194 2194 respublica

133 2205 222 2276 domi
246 2203 387 2300 bellique
411 2203 532 2273 tradita
548 2203 572 2292 ²,
596 2217 634 2272 ut
659 2205 756 2272 unius
784 2203 920 2273 arbitrio
948 2219 1117 2300 gereretur
1133 2233 1143 2295 3
1161 2223 1194 2276 et

177 2405 258 2460 tute
269 2401 645 2476 laeryuarnfflregandiople·
687 2403 869 2458 inccmtsntie
894 2405 1044 2477 exemplum
1068 2406 1096 2458 in
1121 2407 1196 2461 Cice·

137 2486 211 2558 rique
220 2486 323 2538 volunt.
331 2483 440 2536 Vossius
448 2495 548 2548 sutem,
559 2483 645 2534 Theo·
687 2500 753 2534 rone
764 2482 844 2536 habes
857 2483 920 2538 olirn
934 2485 1057 2556 expulso,
1068 2497 1095 2538 et
1105 2500 1196 2559 postea

140 2561 645 2636 lcg.gentil.111,47‚fletuminnrul·
689 2561 769 2614 totius
796 2562 879 2616 Italics
907 2563 1025 2618 humeris
1051 2579 1195 2637 reportato.

140 2646 172 2700 tis
196 2641 383 2716 hujuscemodi
408 2642 533 2713 exemplis
556 2641 646 2711 potins
688 2640 819 2693 L'lu'stoire
840 2661 900 2694 nous
922 2649 1052 2712 repressere
1074 2646 1197 2716 lepeuple

138 2743 169 2778 ex
182 2725 281 2796 prioris
297 2723 409 2774 fortune
423 2735 468 2776 cut
481 2721 591 2774 miseric
607 2739 646 2774 re·
688 2720 808 2773 Artanes
817 2733 934 2792 passast,
950 2742 1005 2774 osec
1014 2725 1039 2774 la
1053 2726 1157 2793 rapiditc'
1167 2726 1197 2778 de

138 2801 306 2866 cordatione,
320 2819 400 2872 quam
414 2799 510 2872 gaudio
531 2819 563 2854 ex
578 2818 646 2871 prse-
690 2799 795 2862 l'e'elar'r,
815 2801 845 2852 de
863 2802 888 2853 la
902 2803 989 2869 fureur
1006 2804 1022 2852 ὰ
1037 2803 1063 2854 ta
1077 2808 1152 2872 pisid,
1163 2805 1197 2858 du

138 2884 206 2938 senti
231 2882 354 2936 felicitare
372 2881 510 2951 obtingere
529 2877 647 2932 animsd·
689 2879 883 2950 dirumpemur
897 2883 913 2932 si
926 2881 1073 2943 l'r'nsnlesrce,
1089 2882 1119 2933 de
1137 2883 1196 2936 l'ia·

138 2963 226 3016 vertit.
248 2963 289 3016 lta
310 2973 399 3013 noster
419 2963 519 3031 pristuti
537 2963 647 3030 temporis
684 2960 1197 3030 justiceaurepeutir;mcbilesur-touter

139 3031 277 3096 aeirbr'tatis
307 3038 485 3092 recordationi
519 3038 648 3110 lacrprnes
684 3039 788 3106 frivole,
803 3052 852 3092 etc.
870 3039 1175 3111 Voyag..d'hnecharsis.

140 3119 283 3174 Alcibiadis
298 3121 419 3191 imputat.
433 3149 474 3161 -
491 3119 648 3170 Ileminiscens
733 3119 902 3172 thesaure.
911 3121 951 3172 Al.
960 3121 1124 3173 resecmre.V.
1135 3121 1197 3175 Fes-

139 3204 238 3272 pristini
249 3203 359 3270 temporis
367 3199 525 3250 acerbitatem.
537 3199 570 3252 In
580 3199 649 3252 Pho·
691 3210 748 3250 turn
757 3211 799 3262 ‚et
809 3198 893 3252 Plaut
908 3199 980 3254 Pera.
993 3201 1022 3266 I,
1035 3222 1061 3265 ι,
1077 3201 1130 3270 393
1144 3205 1197 3255 Au-

142 3280 296 3348 cione,IV‚
309 3297 370 3332 cum
383 3276 519 3348 genitivo:
533 3303 544 3326 ι
558 3278 648 3342 Quum
691 3275 737 3330 lut.
753 3277 808 3344 IV,
823 3297 854 3349 7,
871 3284 897 3342 4.
913 3280 993 3332 -In
1008 3280 1091 3352 quibus
1105 3281 1198 3336 decutio

145 3359 206 3424 slii,
222 3359 419 3412 reminiscentes
438 3356 534 3409 veteris
557 3357 649 3423 lama,
686 3357 772 3423 suerat
787 3362 883 3428 sopra.
905 3359 938 3412 In
955 3360 1051 3430 quihus
1069 3363 1198 3414 execratio

142 3439 223 3492 etatis
238 3439 435 3492 miserarentur.
448 3461 459 3482 ι
691 3437 777 3490 luerat
789 3437 1000 3509 inscripto-Iu
1010 3459 1075 3492 nan
1084 3445 1196 3512 precipi-

183 3525 210 3584 4.
221 3517 350 3572 comum.
359 3516 451 3587 Inque
457 3534 507 3588 pro
515 3513 650 3580 redicens,
693 3526 758 3568 tstoe.
769 3515 829 3568 Non
843 3515 922 3588 pilas,
937 3520 1078 3572 sententias
1091 3537 1156 3573 vero
1171 3533 1197 3572 et

143 3595 259 3652 ostendit
279 3615 306 3650 se
326 3595 394 3650 nihil
410 3596 491 3667 impie
505 3594 610 3660 iecisse,
624 3607 651 3647 et
692 3595 751 3648 lites
766 3595 876 3648 inmare
887 3597 1034 3669 precipites
1047 3611 1198 3661 craumer-

119 3665 122 3682 '
142 3689 235 3732 contra
247 3679 307 3749 jure
321 3676 411 3730 omnia
423 3695 438 3728 e
450 3673 555 3730 civitate
569 3675 649 3728 luisse
691 3687 732 3728 rat
747 3673 894 3739 Diodorus,
907 3676 991 3740 xm,
1005 3681 1052 3746 69.

142 3759 265 3828 ejectum.
287 3755 358 3809 Vide
379 3754 551 3827 Xenophon,
566 3751 594 3818 l,
614 3752 649 3807 de
731 3755 796 3808 Car.
811 3755 874 3808 VII.
894 3773 917 3808 r.
932 3755 990 3809 Non
1002 3757 1197 3824 sinissur'tds'u·

143 3837 208 3890 heb.
221 3835 500 3890 Grec-Proindeac
510 3834 650 3903 elaliuspc-
692 3845 771 3886 turne.
786 3832 856 3888 Vide
867 3835 988 3888 lacernis
1002 3835 1149 3888 cretionem
1164 3833 1199 3894 ad

139 3912 648 3986 pules,etc.Sinsiliterchitus‚l‚IIist.
692 3911 855 3986 Philippum.

145 3995 196 4060 t⁵;
210 3995 258 4050 nbi
278 3993 312 4048 de
325 3993 432 4048 Othone
455 3991 489 4048 ad
508 3992 649 4064 imperium
736 4013 760 4047 a.
773 3992 1200 4066 Totaquerespublicadomilsllique

143 4075 338 4129 erecto:Alium
347 4072 650 4134 miseriricordiam
694 4073 792 4128 emulsa.
814 4070 884 4126 Vide
898 4072 1070 4126 Plutarchum
1084 4074 1113 4126 in
1127 4073 1199 4126 Alci·

139 4157 269 4226 populun,
287 4169 336 4210 etc.
360 4151 451 4210 Simile
472 4166 498 4208 et
516 4152 651 4226 populeris
692 4151 1001 4223 bindefflunapssn
1014 4153 1057 4206 καὶ
1072 4155 1138 4210 κατὰ
1153 4159 1196 4226 γῆν
