<?xml version="1.0" encoding="UTF-8"?>
<!DOCTYPE html PUBLIC "-//W3C//DTD XHTML 1.0 Transitional//EN"
    "http://www.w3.org/TR/xhtml1/DTD/xhtml1-transitional.dtd">
<html xmlns="http://www.w3.org/1999/xhtml" xml:lang="en" lang="en">
 <head>
  <title>
</title>
<meta http-equiv="Content-Type" content="text/html;charset=utf-8" />
  <meta name='ocr-system' content='tesseract 3.04.00' />
  <meta name='ocr-capabilities' content='ocr_page ocr_carea ocr_par ocr_line ocrx_word'/>
</head>
<body>
  <div class='ocr_page' id='page_1' title='image "./corneliusnepose00descgoog_0056.png"; bbox 0 0 3200 5120; ppageno 0'>
   <div class='ocr_carea' id='block_1_1' title="bbox 176 521 1239 760">
    <p class='ocr_par' dir='ltr' id='par_1_1' title="bbox 176 521 1239 760">
     <span class='ocr_line' id='line_1_1' title="bbox 545 521 1238 600; baseline 0.001 -11"><span class='ocrx_word' id='word_1_1' title='bbox 545 523 609 590; x_wconf 88' lang='lat' dir='ltr'>ET</span> <span class='ocrx_word' id='word_1_2' title='bbox 634 523 652 589; x_wconf 87' lang='lat' dir='ltr'>J</span> <span class='ocrx_word' id='word_1_3' title='bbox 659 521 861 590; x_wconf 84' lang='lat' dir='ltr'>UDICIA.</span> <span class='ocrx_word' id='word_1_4' title='bbox 1202 553 1238 600; x_wconf 67' lang='grc' dir='ltr'>ιι</span> 
     </span>
     <span class='ocr_line' id='line_1_2' title="bbox 176 650 1239 760; baseline -0.001 -31"><span class='ocrx_word' id='word_1_5' title='bbox 176 679 371 758; x_wconf 86' lang='lat' dir='ltr'>persuasum</span> <span class='ocrx_word' id='word_1_6' title='bbox 393 650 522 739; x_wconf 85' lang='lat' dir='ltr'>sit,has</span> <span class='ocrx_word' id='word_1_7' title='bbox 543 651 644 738; x_wconf 88' lang='lat' dir='ltr'>vitas,</span> <span class='ocrx_word' id='word_1_8' title='bbox 660 665 835 745; x_wconf 89' lang='lat' dir='ltr'>antequam</span> <span class='ocrx_word' id='word_1_9' title='bbox 854 651 1067 747; x_wconf 88' lang='lat' dir='ltr'>imperatores</span> <span class='ocrx_word' id='word_1_10' title='bbox 1088 665 1239 760; x_wconf 90' lang='lat' dir='ltr'>perpetui</span> 
     </span>
    </p>
   </div>
   <div class='ocr_carea' id='block_1_2' title="bbox 175 756 1242 4156">
    <p class='ocr_par' dir='ltr' id='par_1_2' title="bbox 175 756 1242 4156">
     <span class='ocr_line' id='line_1_3' title="bbox 177 756 1240 856; baseline -0.004 -20"><span class='ocrx_word' id='word_1_11' title='bbox 177 767 385 838; x_wconf 86' lang='lat' dir='ltr'>dominatum</span> <span class='ocrx_word' id='word_1_12' title='bbox 410 760 526 828; x_wconf 77' lang='lat' dir='ltr'>Romae</span> <span class='ocrx_word' id='word_1_13' title='bbox 547 756 757 844; x_wconf 78' lang='lat' dir='ltr'>obtinerent,</span> <span class='ocrx_word' id='word_1_14' title='bbox 777 781 846 828; x_wconf 88' lang='lat' dir='ltr'>esse</span> <span class='ocrx_word' id='word_1_15' title='bbox 869 761 1026 856; x_wconf 85' lang='lat' dir='ltr'>scriptas,</span> <span class='ocrx_word' id='word_1_16' title='bbox 1053 774 1087 831; x_wconf 92' lang='lat' dir='ltr'>et</span> <span class='ocrx_word' id='word_1_17' title='bbox 1106 767 1240 838; x_wconf 83' lang='lat' dir='ltr'>Probus</span> 
     </span>
     <span class='ocr_line' id='line_1_4' title="bbox 177 865 1239 962; baseline 0.001 -19"><span class='ocrx_word' id='word_1_18' title='bbox 177 897 246 943; x_wconf 92' lang='lat' dir='ltr'>non</span> <span class='ocrx_word' id='word_1_19' title='bbox 265 873 307 940; x_wconf 91' lang='lat' dir='ltr'>sit</span> <span class='ocrx_word' id='word_1_20' title='bbox 327 867 459 938; x_wconf 91' lang='lat' dir='ltr'>illorum</span> <span class='ocrx_word' id='word_1_21' title='bbox 482 865 666 959; x_wconf 87' lang='lat' dir='ltr'>priscorum</span> <span class='ocrx_word' id='word_1_22' title='bbox 686 877 872 959; x_wconf 86' lang='lat' dir='ltr'>temporum</span> <span class='ocrx_word' id='word_1_23' title='bbox 891 891 1095 962; x_wconf 82' lang='lat' dir='ltr'>cognomen,</span> <span class='ocrx_word' id='word_1_24' title='bbox 1113 873 1170 942; x_wconf 91' lang='lat' dir='ltr'>sed</span> <span class='ocrx_word' id='word_1_25' title='bbox 1189 899 1239 944; x_wconf 88' lang='lat' dir='ltr'>re·</span> 
     </span>
     <span class='ocr_line' id='line_1_5' title="bbox 179 970 1240 1066; baseline -0.001 -16"><span class='ocrx_word' id='word_1_26' title='bbox 179 979 382 1062; x_wconf 89' lang='lat' dir='ltr'>centiorum,</span> <span class='ocrx_word' id='word_1_27' title='bbox 397 988 430 1044; x_wconf 90' lang='lat' dir='ltr'>et</span> <span class='ocrx_word' id='word_1_28' title='bbox 448 971 546 1066; x_wconf 78' lang='lat' dir='ltr'>longe</span> <span class='ocrx_word' id='word_1_29' title='bbox 564 970 783 1065; x_wconf 82' lang='lat' dir='ltr'>posteriorum</span> <span class='ocrx_word' id='word_1_30' title='bbox 797 997 808 1057; x_wconf 90' lang='lat'>;</span> <span class='ocrx_word' id='word_1_31' title='bbox 822 971 902 1042; x_wconf 92' lang='lat' dir='ltr'>mihi</span> <span class='ocrx_word' id='word_1_32' title='bbox 919 974 1050 1044; x_wconf 84' lang='lat' dir='ltr'>videtur</span> <span class='ocrx_word' id='word_1_33' title='bbox 1067 977 1240 1048; x_wconf 89' lang='lat' dir='ltr'>Cornelius</span> 
     </span>
     <span class='ocr_line' id='line_1_6' title="bbox 181 1074 1241 1180; baseline 0.001 -25"><span class='ocrx_word' id='word_1_34' title='bbox 181 1087 293 1180; x_wconf 83' lang='lat' dir='ltr'>Nepos</span> <span class='ocrx_word' id='word_1_35' title='bbox 316 1083 445 1178; x_wconf 91' lang='lat' dir='ltr'>potius,</span> <span class='ocrx_word' id='word_1_36' title='bbox 464 1101 564 1174; x_wconf 87' lang='lat' dir='ltr'>quam</span> <span class='ocrx_word' id='word_1_37' title='bbox 591 1074 740 1146; x_wconf 79' lang='lat' dir='ltr'>AEruilius</span> <span class='ocrx_word' id='word_1_38' title='bbox 761 1078 909 1165; x_wconf 90' lang='lat' dir='ltr'>Probus,</span> <span class='ocrx_word' id='word_1_39' title='bbox 929 1102 1028 1151; x_wconf 84' lang='lat' dir='ltr'>verus</span> <span class='ocrx_word' id='word_1_40' title='bbox 1049 1083 1146 1178; x_wconf 87' lang='lat' dir='ltr'>hujus</span> <span class='ocrx_word' id='word_1_41' title='bbox 1167 1085 1241 1156; x_wconf 81' lang='lat' dir='ltr'>libri</span> 
     </span>
     <span class='ocr_line' id='line_1_7' title="bbox 180 1183 1241 1286; baseline 0.001 -26"><span class='ocrx_word' id='word_1_42' title='bbox 180 1211 300 1286; x_wconf 83' lang='lat' dir='ltr'>pareus</span> <span class='ocrx_word' id='word_1_43' title='bbox 324 1201 358 1257; x_wconf 87' lang='lat' dir='ltr'>et</span> <span class='ocrx_word' id='word_1_44' title='bbox 382 1200 499 1256; x_wconf 80' lang='lat' dir='ltr'>auctor</span> <span class='ocrx_word' id='word_1_45' title='bbox 523 1207 593 1254; x_wconf 86' lang='lat' dir='ltr'>esse</span> <span class='ocrx_word' id='word_1_46' title='bbox 620 1183 847 1277; x_wconf 81' lang='lat' dir='ltr'>agnoscendus</span> <span class='ocrx_word' id='word_1_47' title='bbox 866 1211 874 1252; x_wconf 91' lang='lat'><strong>:</strong></span> <span class='ocrx_word' id='word_1_48' title='bbox 893 1185 939 1254; x_wconf 90' lang='lat' dir='ltr'>ita</span> <span class='ocrx_word' id='word_1_49' title='bbox 962 1201 1072 1257; x_wconf 89' lang='lat' dir='ltr'>tamen</span> <span class='ocrx_word' id='word_1_50' title='bbox 1090 1204 1128 1258; x_wconf 87' lang='lat' dir='ltr'>ut</span> <span class='ocrx_word' id='word_1_51' title='bbox 1146 1217 1241 1262; x_wconf 90' lang='lat' dir='ltr'>suum</span> 
     </span>
     <span class='ocr_line' id='line_1_8' title="bbox 178 1288 1241 1392; baseline -0.002 -24"><span class='ocrx_word' id='word_1_52' title='bbox 178 1299 299 1392; x_wconf 84' lang='lat' dir='ltr'>cuique</span> <span class='ocrx_word' id='word_1_53' title='bbox 316 1293 478 1389; x_wconf 87' lang='lat' dir='ltr'>judicium</span> <span class='ocrx_word' id='word_1_54' title='bbox 498 1290 638 1361; x_wconf 88' lang='lat' dir='ltr'>liberum</span> <span class='ocrx_word' id='word_1_55' title='bbox 658 1288 866 1384; x_wconf 90' lang='lat' dir='ltr'>relinquam,</span> <span class='ocrx_word' id='word_1_56' title='bbox 883 1315 990 1386; x_wconf 90' lang='lat' dir='ltr'>neque</span> <span class='ocrx_word' id='word_1_57' title='bbox 1007 1294 1072 1366; x_wconf 91' lang='lat' dir='ltr'>hoc</span> <span class='ocrx_word' id='word_1_58' title='bbox 1087 1297 1168 1366; x_wconf 89' lang='lat' dir='ltr'>mihi</span> <span class='ocrx_word' id='word_1_59' title='bbox 1184 1323 1241 1367; x_wconf 90' lang='lat' dir='ltr'>su·</span> 
     </span>
     <span class='ocr_line' id='line_1_9' title="bbox 178 1397 1242 1495; baseline 0.001 -22"><span class='ocrx_word' id='word_1_60' title='bbox 178 1428 289 1488; x_wconf 89' lang='lat' dir='ltr'>mam,</span> <span class='ocrx_word' id='word_1_61' title='bbox 308 1417 366 1489; x_wconf 89' lang='lat' dir='ltr'>ut,</span> <span class='ocrx_word' id='word_1_62' title='bbox 392 1401 449 1495; x_wconf 90' lang='lat' dir='ltr'>qui</span> <span class='ocrx_word' id='word_1_63' title='bbox 468 1397 563 1478; x_wconf 80' lang='lat' dir='ltr'>aliter</span> <span class='ocrx_word' id='word_1_64' title='bbox 588 1398 747 1484; x_wconf 85' lang='lat' dir='ltr'>sentiant,</span> <span class='ocrx_word' id='word_1_65' title='bbox 767 1409 924 1492; x_wconf 79' lang='lat' dir='ltr'>tanquam</span> <span class='ocrx_word' id='word_1_66' title='bbox 946 1399 1165 1495; x_wconf 87' lang='lat' dir='ltr'>desipientes,</span> <span class='ocrx_word' id='word_1_67' title='bbox 1185 1420 1242 1474; x_wconf 89' lang='lat' dir='ltr'>aut</span> 
     </span>
     <span class='ocr_line' id='line_1_10' title="bbox 177 1504 1242 1602; baseline 0 -22"><span class='ocrx_word' id='word_1_68' title='bbox 177 1523 346 1596; x_wconf 85' lang='lat' dir='ltr'>errantes,</span> <span class='ocrx_word' id='word_1_69' title='bbox 366 1531 385 1575; x_wconf 92' lang='lat' dir='ltr'>a</span> <span class='ocrx_word' id='word_1_70' title='bbox 409 1529 463 1576; x_wconf 90' lang='lat' dir='ltr'>me</span> <span class='ocrx_word' id='word_1_71' title='bbox 487 1504 757 1602; x_wconf 81' lang='lat' dir='ltr'>qondemneutur.</span> <span class='ocrx_word' id='word_1_72' title='bbox 778 1505 915 1598; x_wconf 87' lang='lat' dir='ltr'>Scripsit</span> <span class='ocrx_word' id='word_1_73' title='bbox 938 1521 1048 1576; x_wconf 87' lang='lat' dir='ltr'>autem</span> <span class='ocrx_word' id='word_1_74' title='bbox 1070 1509 1242 1580; x_wconf 90' lang='lat' dir='ltr'>Cornelius</span> 
     </span>
     <span class='ocr_line' id='line_1_11' title="bbox 178 1611 1241 1711; baseline 0 -25"><span class='ocrx_word' id='word_1_75' title='bbox 178 1617 295 1711; x_wconf 86' lang='lat' dir='ltr'>Nepos</span> <span class='ocrx_word' id='word_1_76' title='bbox 312 1613 500 1698; x_wconf 86' lang='lat' dir='ltr'>Chronica,</span> <span class='ocrx_word' id='word_1_77' title='bbox 514 1625 553 1680; x_wconf 91' lang='lat' dir='ltr'>ut</span> <span class='ocrx_word' id='word_1_78' title='bbox 570 1623 708 1680; x_wconf 89' lang='lat' dir='ltr'>testatur</span> <span class='ocrx_word' id='word_1_79' title='bbox 725 1611 889 1680; x_wconf 82' lang='lat' dir='ltr'>Ausonius</span> <span class='ocrx_word' id='word_1_80' title='bbox 907 1612 1042 1707; x_wconf 88' lang='lat' dir='ltr'>epistola</span> <span class='ocrx_word' id='word_1_81' title='bbox 1059 1614 1129 1703; x_wconf 88' lang='lat' dir='ltr'>illa,</span> <span class='ocrx_word' id='word_1_82' title='bbox 1143 1640 1241 1710; x_wconf 88' lang='lat' dir='ltr'>quam</span> 
     </span>
     <span class='ocr_line' id='line_1_12' title="bbox 180 1717 1241 1817; baseline 0.001 -24"><span class='ocrx_word' id='word_1_83' title='bbox 180 1745 282 1817; x_wconf 84' lang='lat' dir='ltr'>supra</span> <span class='ocrx_word' id='word_1_84' title='bbox 304 1719 581 1806; x_wconf 87' lang='lat' dir='ltr'>commemoravi,</span> <span class='ocrx_word' id='word_1_85' title='bbox 596 1717 756 1811; x_wconf 86' lang='lat' dir='ltr'>cujusque</span> <span class='ocrx_word' id='word_1_86' title='bbox 773 1717 908 1792; x_wconf 76' lang='lat' dir='ltr'>¹initium</span> <span class='ocrx_word' id='word_1_87' title='bbox 929 1719 1091 1791; x_wconf 90' lang='lat' dir='ltr'>indicavi:</span> <span class='ocrx_word' id='word_1_88' title='bbox 1111 1723 1241 1794; x_wconf 79' lang='lat' dir='ltr'>Oblata</span> 
     </span>
     <span class='ocr_line' id='line_1_13' title="bbox 175 1823 1242 1925; baseline 0.002 -27"><span class='ocrx_word' id='word_1_89' title='bbox 175 1853 244 1925; x_wconf 85' lang='lat' dir='ltr'>per</span> <span class='ocrx_word' id='word_1_90' title='bbox 255 1832 471 1922; x_wconf 73' lang='lat' dir='ltr'>antequanos</span> <span class='ocrx_word' id='word_1_91' title='bbox 487 1847 605 1909; x_wconf 85' lang='lat' dir='ltr'>mora,</span> <span class='ocrx_word' id='word_1_92' title='bbox 624 1836 686 1893; x_wconf 88' lang='lat' dir='ltr'>etc.</span> <span class='ocrx_word' id='word_1_93' title='bbox 704 1823 789 1910; x_wconf 72' lang='lat' dir='ltr'>Quae</span> <span class='ocrx_word' id='word_1_94' title='bbox 807 1838 873 1892; x_wconf 90' lang='lat' dir='ltr'>eta</span> <span class='ocrx_word' id='word_1_95' title='bbox 891 1825 1093 1896; x_wconf 84' lang='lat' dir='ltr'>Tertulliano</span> <span class='ocrx_word' id='word_1_96' title='bbox 1106 1830 1139 1897; x_wconf 89' lang='lat' dir='ltr'>in</span> <span class='ocrx_word' id='word_1_97' title='bbox 1153 1831 1242 1924; x_wconf 89' lang='lat' dir='ltr'>Apo·</span> 
     </span>
     <span class='ocr_line' id='line_1_14' title="bbox 179 1928 1240 2030; baseline 0.004 -28"><span class='ocrx_word' id='word_1_98' title='bbox 179 1933 321 2030; x_wconf 84' lang='lat' dir='ltr'>logetico</span> <span class='ocrx_word' id='word_1_99' title='bbox 340 1933 497 2002; x_wconf 85' lang='lat' dir='ltr'>adversus</span> <span class='ocrx_word' id='word_1_100' title='bbox 519 1945 632 2026; x_wconf 83' lang='lat' dir='ltr'>gentes</span> <span class='ocrx_word' id='word_1_101' title='bbox 653 1928 791 2000; x_wconf 87' lang='lat' dir='ltr'>fortasse</span> <span class='ocrx_word' id='word_1_102' title='bbox 808 1929 1034 2025; x_wconf 80' lang='lat' dir='ltr'>significantur</span> <span class='ocrx_word' id='word_1_103' title='bbox 1051 1934 1102 2004; x_wconf 92' lang='lat' dir='ltr'>his</span> <span class='ocrx_word' id='word_1_104' title='bbox 1113 1935 1240 2008; x_wconf 85' lang='lat' dir='ltr'>verbis:</span> 
     </span>
     <span class='ocr_line' id='line_1_15' title="bbox 185 2034 1240 2134; baseline 0.006 -28"><span class='ocrx_word' id='word_1_105' title='bbox 185 2069 203 2106; x_wconf 82' lang='lat' dir='ltr'>a</span> <span class='ocrx_word' id='word_1_106' title='bbox 218 2044 398 2110; x_wconf 87' lang='lat' dir='ltr'>Saturnum</span> <span class='ocrx_word' id='word_1_107' title='bbox 415 2040 542 2132; x_wconf 84' lang='lat' dir='ltr'>itaque,</span> <span class='ocrx_word' id='word_1_108' title='bbox 556 2049 716 2130; x_wconf 87' lang='lat' dir='ltr'>quantum</span> <span class='ocrx_word' id='word_1_109' title='bbox 733 2034 847 2104; x_wconf 80' lang='lat' dir='ltr'>litterar</span> <span class='ocrx_word' id='word_1_110' title='bbox 861 2035 998 2126; x_wconf 87' lang='lat' dir='ltr'>docent,</span> <span class='ocrx_word' id='word_1_111' title='bbox 1012 2064 1117 2134; x_wconf 89' lang='lat' dir='ltr'>neque</span> <span class='ocrx_word' id='word_1_112' title='bbox 1133 2041 1240 2112; x_wconf 86' lang='lat' dir='ltr'>Theo·</span> 
     </span>
     <span class='ocr_line' id='line_1_16' title="bbox 179 2140 1242 2235; baseline 0.001 -19"><span class='ocrx_word' id='word_1_113' title='bbox 179 2145 281 2216; x_wconf 88' lang='lat' dir='ltr'>dorus</span> <span class='ocrx_word' id='word_1_114' title='bbox 303 2149 455 2232; x_wconf 76' lang='lat' dir='ltr'>Graecus,</span> <span class='ocrx_word' id='word_1_115' title='bbox 472 2158 530 2212; x_wconf 88' lang='lat' dir='ltr'>aut</span> <span class='ocrx_word' id='word_1_116' title='bbox 549 2140 699 2227; x_wconf 88' lang='lat' dir='ltr'>Thallus,</span> <span class='ocrx_word' id='word_1_117' title='bbox 721 2163 827 2235; x_wconf 90' lang='lat' dir='ltr'>neque</span> <span class='ocrx_word' id='word_1_118' title='bbox 849 2143 980 2213; x_wconf 88' lang='lat' dir='ltr'>Cassius</span> <span class='ocrx_word' id='word_1_119' title='bbox 1002 2147 1160 2233; x_wconf 88' lang='lat' dir='ltr'>Severus,</span> <span class='ocrx_word' id='word_1_120' title='bbox 1184 2163 1242 2218; x_wconf 90' lang='lat' dir='ltr'>aut</span> 
     </span>
     <span class='ocr_line' id='line_1_17' title="bbox 180 2246 1241 2346; baseline 0.001 -23"><span class='ocrx_word' id='word_1_121' title='bbox 180 2251 355 2323; x_wconf 88' lang='lat' dir='ltr'>Cornelius</span> <span class='ocrx_word' id='word_1_122' title='bbox 376 2252 512 2345; x_wconf 88' lang='lat' dir='ltr'>Nepos,</span> <span class='ocrx_word' id='word_1_123' title='bbox 538 2273 646 2343; x_wconf 86' lang='lat' dir='ltr'>neque</span> <span class='ocrx_word' id='word_1_124' title='bbox 671 2246 757 2338; x_wconf 89' lang='lat' dir='ltr'>ullus</span> <span class='ocrx_word' id='word_1_125' title='bbox 786 2264 1027 2319; x_wconf 86' lang='lat' dir='ltr'>commentator</span> <span class='ocrx_word' id='word_1_126' title='bbox 1053 2253 1241 2346; x_wconf 89' lang='lat' dir='ltr'>hujusmodi</span> 
     </span>
     <span class='ocr_line' id='line_1_18' title="bbox 179 2353 1236 2454; baseline -0.002 -26"><span class='ocrx_word' id='word_1_127' title='bbox 179 2361 433 2454; x_wconf 84' lang='lat' dir='ltr'>antiquitatum,</span> <span class='ocrx_word' id='word_1_128' title='bbox 463 2353 570 2443; x_wconf 87' lang='lat' dir='ltr'>aliud,</span> <span class='ocrx_word' id='word_1_129' title='bbox 591 2374 690 2448; x_wconf 91' lang='lat' dir='ltr'>quam</span> <span class='ocrx_word' id='word_1_130' title='bbox 711 2354 902 2444; x_wconf 92' lang='lat' dir='ltr'>hominem,</span> <span class='ocrx_word' id='word_1_131' title='bbox 920 2356 1195 2452; x_wconf 82' lang='lat' dir='ltr'>promulgarunt3</span> <span class='ocrx_word' id='word_1_132' title='bbox 1219 2391 1236 2426; x_wconf 81' lang='lat' dir='ltr'>a</span> 
     </span>
     <span class='ocr_line' id='line_1_19' title="bbox 179 2459 1238 2559; baseline 0 -25"><span class='ocrx_word' id='word_1_133' title='bbox 179 2465 359 2559; x_wconf 86' lang='lat' dir='ltr'>eademque</span> <span class='ocrx_word' id='word_1_134' title='bbox 375 2463 514 2534; x_wconf 69' lang='lat' dir='ltr'>sonasse</span> <span class='ocrx_word' id='word_1_135' title='bbox 532 2460 695 2556; x_wconf 83' lang='lat' dir='ltr'>significat</span> <span class='ocrx_word' id='word_1_136' title='bbox 711 2475 745 2530; x_wconf 92' lang='lat' dir='ltr'>et</span> <span class='ocrx_word' id='word_1_137' title='bbox 758 2459 908 2532; x_wconf 89' lang='lat' dir='ltr'>Catullus</span> <span class='ocrx_word' id='word_1_138' title='bbox 925 2465 960 2532; x_wconf 92' lang='lat' dir='ltr'>in</span> <span class='ocrx_word' id='word_1_139' title='bbox 973 2465 1081 2558; x_wconf 89' lang='lat' dir='ltr'>primo</span> <span class='ocrx_word' id='word_1_140' title='bbox 1094 2463 1149 2534; x_wconf 93' lang='lat' dir='ltr'>illo</span> <span class='ocrx_word' id='word_1_141' title='bbox 1163 2490 1238 2535; x_wconf 87' lang='lat' dir='ltr'>car-</span> 
     </span>
     <span class='ocr_line' id='line_1_20' title="bbox 180 2564 1238 2666; baseline 0.001 -26"><span class='ocrx_word' id='word_1_142' title='bbox 180 2572 287 2658; x_wconf 87' lang='lat' dir='ltr'>mine,</span> <span class='ocrx_word' id='word_1_143' title='bbox 304 2570 395 2666; x_wconf 93' lang='lat' dir='ltr'>quod</span> <span class='ocrx_word' id='word_1_144' title='bbox 410 2593 509 2664; x_wconf 90' lang='lat' dir='ltr'>supra</span> <span class='ocrx_word' id='word_1_145' title='bbox 523 2564 737 2663; x_wconf 89' lang='lat' dir='ltr'>protulimus,</span> <span class='ocrx_word' id='word_1_146' title='bbox 750 2567 900 2636; x_wconf 88' lang='lat' dir='ltr'>versibus</span> <span class='ocrx_word' id='word_1_147' title='bbox 919 2568 1001 2639; x_wconf 90' lang='lat' dir='ltr'>illis:</span> <span class='ocrx_word' id='word_1_148' title='bbox 1021 2573 1125 2640; x_wconf 77' lang='lat' dir='ltr'>«Jam</span> <span class='ocrx_word' id='word_1_149' title='bbox 1147 2587 1238 2661; x_wconf 92' lang='lat' dir='ltr'>tum,</span> 
     </span>
     <span class='ocr_line' id='line_1_21' title="bbox 180 2670 1236 2772; baseline -0.001 -25"><span class='ocrx_word' id='word_1_150' title='bbox 180 2703 281 2771; x_wconf 88' lang='lat' dir='ltr'>quum</span> <span class='ocrx_word' id='word_1_151' title='bbox 294 2701 394 2746; x_wconf 89' lang='lat' dir='ltr'>ausus</span> <span class='ocrx_word' id='word_1_152' title='bbox 411 2699 465 2762; x_wconf 91' lang='lat' dir='ltr'>es,</span> <span class='ocrx_word' id='word_1_153' title='bbox 480 2697 566 2742; x_wconf 89' lang='lat' dir='ltr'>unus</span> <span class='ocrx_word' id='word_1_154' title='bbox 578 2670 755 2760; x_wconf 86' lang='lat' dir='ltr'>Italorum,</span> <span class='ocrx_word' id='word_1_155' title='bbox 767 2675 876 2741; x_wconf 87' lang='lat' dir='ltr'>Omne</span> <span class='ocrx_word' id='word_1_156' title='bbox 890 2699 996 2743; x_wconf 78' lang='lat' dir='ltr'>aevum</span> <span class='ocrx_word' id='word_1_157' title='bbox 1012 2677 1115 2745; x_wconf 91' lang='lat' dir='ltr'>tribus</span> <span class='ocrx_word' id='word_1_158' title='bbox 1132 2679 1236 2772; x_wconf 88' lang='lat' dir='ltr'>expli-</span> 
     </span>
     <span class='ocr_line' id='line_1_22' title="bbox 180 2779 1238 2874; baseline -0.001 -21"><span class='ocrx_word' id='word_1_159' title='bbox 180 2807 255 2854; x_wconf 86' lang='lat' dir='ltr'>care</span> <span class='ocrx_word' id='word_1_160' title='bbox 271 2783 429 2854; x_wconf 76' lang='lat' dir='ltr'>chartis.»</span> <span class='ocrx_word' id='word_1_161' title='bbox 445 2779 638 2850; x_wconf 90' lang='lat' dir='ltr'>Cornelium</span> <span class='ocrx_word' id='word_1_162' title='bbox 653 2779 836 2874; x_wconf 84' lang='lat' dir='ltr'>Nepotem,</span> <span class='ocrx_word' id='word_1_163' title='bbox 851 2793 1006 2874; x_wconf 86' lang='lat' dir='ltr'>tanquam</span> <span class='ocrx_word' id='word_1_164' title='bbox 1025 2782 1238 2874; x_wconf 91' lang='lat' dir='ltr'>historicum,</span> 
     </span>
     <span class='ocr_line' id='line_1_23' title="bbox 180 2882 1237 2984; baseline 0.002 -27"><span class='ocrx_word' id='word_1_165' title='bbox 180 2889 333 2984; x_wconf 86' lang='lat' dir='ltr'>producit</span> <span class='ocrx_word' id='word_1_166' title='bbox 347 2901 465 2958; x_wconf 89' lang='lat' dir='ltr'>testem</span> <span class='ocrx_word' id='word_1_167' title='bbox 475 2902 508 2957; x_wconf 90' lang='lat' dir='ltr'>et</span> <span class='ocrx_word' id='word_1_168' title='bbox 520 2885 716 2955; x_wconf 88' lang='lat' dir='ltr'>Plutarchus</span> <span class='ocrx_word' id='word_1_169' title='bbox 729 2909 832 2980; x_wconf 89' lang='lat' dir='ltr'>quum</span> <span class='ocrx_word' id='word_1_170' title='bbox 846 2882 938 2973; x_wconf 89' lang='lat' dir='ltr'>alibi,</span> <span class='ocrx_word' id='word_1_171' title='bbox 948 2900 1018 2955; x_wconf 90' lang='lat' dir='ltr'>tum</span> <span class='ocrx_word' id='word_1_172' title='bbox 1030 2887 1064 2954; x_wconf 88' lang='lat' dir='ltr'>in</span> <span class='ocrx_word' id='word_1_173' title='bbox 1077 2889 1237 2959; x_wconf 87' lang='lat' dir='ltr'>Marcello</span> 
     </span>
     <span class='ocr_line' id='line_1_24' title="bbox 177 2982 1234 3089; baseline 0.001 -26"><span class='ocrx_word' id='word_1_174' title='bbox 177 2993 241 3064; x_wconf 92' lang='lat' dir='ltr'>sub</span> <span class='ocrx_word' id='word_1_175' title='bbox 257 3009 460 3080; x_wconf 76' lang='lat' dir='ltr'>extremum,</span> <span class='ocrx_word' id='word_1_176' title='bbox 473 3007 508 3061; x_wconf 92' lang='lat' dir='ltr'>et</span> <span class='ocrx_word' id='word_1_177' title='bbox 523 2990 628 3062; x_wconf 84' lang='lat' dir='ltr'>Aulus</span> <span class='ocrx_word' id='word_1_178' title='bbox 647 2989 774 3061; x_wconf 89' lang='lat' dir='ltr'>Gellius</span> <span class='ocrx_word' id='word_1_179' title='bbox 791 2982 911 3078; x_wconf 81' lang='lat' dir='ltr'>(Aulus</span> <span class='ocrx_word' id='word_1_180' title='bbox 929 2991 1069 3082; x_wconf 88' lang='lat' dir='ltr'>Gellius,</span> <span class='ocrx_word' id='word_1_181' title='bbox 1083 2995 1234 3089; x_wconf 87' lang='lat' dir='ltr'>inquam,</span> 
     </span>
     <span class='ocr_line' id='line_1_25' title="bbox 178 3096 1235 3195; baseline 0.002 -25"><span class='ocrx_word' id='word_1_182' title='bbox 178 3125 246 3172; x_wconf 92' lang='lat' dir='ltr'>non</span> <span class='ocrx_word' id='word_1_183' title='bbox 262 3101 438 3195; x_wconf 78' lang='lat' dir='ltr'>Agellt&#39;rar,</span> <span class='ocrx_word' id='word_1_184' title='bbox 453 3112 491 3168; x_wconf 92' lang='lat' dir='ltr'>ut</span> <span class='ocrx_word' id='word_1_185' title='bbox 504 3096 636 3192; x_wconf 87' lang='lat' dir='ltr'>quidam</span> <span class='ocrx_word' id='word_1_186' title='bbox 649 3122 755 3192; x_wconf 90' lang='lat' dir='ltr'>nuper</span> <span class='ocrx_word' id='word_1_187' title='bbox 766 3100 872 3168; x_wconf 80' lang='lat' dir='ltr'>exorti</span> <span class='ocrx_word' id='word_1_188' title='bbox 883 3098 1047 3184; x_wconf 84' lang='lat' dir='ltr'>homiues,</span> <span class='ocrx_word' id='word_1_189' title='bbox 1064 3103 1235 3190; x_wconf 87' lang='lat' dir='ltr'>novitatis,</span> 
     </span>
     <span class='ocr_line' id='line_1_26' title="bbox 178 3205 1234 3302; baseline 0.003 -27"><span class='ocrx_word' id='word_1_190' title='bbox 178 3231 279 3302; x_wconf 88' lang='lat' dir='ltr'>quam</span> <span class='ocrx_word' id='word_1_191' title='bbox 290 3208 434 3278; x_wconf 85' lang='lat' dir='ltr'>veritatis</span> <span class='ocrx_word' id='word_1_192' title='bbox 445 3205 649 3300; x_wconf 79' lang='lat' dir='ltr'>cupidiores,</span> <span class='ocrx_word' id='word_1_193' title='bbox 661 3228 749 3273; x_wconf 89' lang='lat' dir='ltr'>novo</span> <span class='ocrx_word' id='word_1_194' title='bbox 760 3218 794 3272; x_wconf 90' lang='lat' dir='ltr'>et</span> <span class='ocrx_word' id='word_1_195' title='bbox 803 3207 959 3274; x_wconf 86' lang='lat' dir='ltr'>Romanis</span> <span class='ocrx_word' id='word_1_196' title='bbox 971 3207 1117 3280; x_wconf 84' lang='lat' dir='ltr'>inaudito</span> <span class='ocrx_word' id='word_1_197' title='bbox 1130 3211 1234 3283; x_wconf 90' lang='lat' dir='ltr'>norni-</span> 
     </span>
     <span class='ocr_line' id='line_1_27' title="bbox 178 3305 1233 3411; baseline 0.004 -29"><span class='ocrx_word' id='word_1_198' title='bbox 178 3339 220 3384; x_wconf 90' lang='lat' dir='ltr'>ne</span> <span class='ocrx_word' id='word_1_199' title='bbox 237 3311 403 3411; x_wconf 87' lang='lat' dir='ltr'>appellare</span> <span class='ocrx_word' id='word_1_200' title='bbox 425 3325 597 3407; x_wconf 70' lang='lat' dir='ltr'>coeperunt</span> <span class='ocrx_word' id='word_1_201' title='bbox 608 3305 639 3400; x_wconf 71' lang='lat' dir='ltr'>l,</span> <span class='ocrx_word' id='word_1_202' title='bbox 650 3309 706 3380; x_wconf 87' lang='lat' dir='ltr'>lib.</span> <span class='ocrx_word' id='word_1_203' title='bbox 721 3313 842 3398; x_wconf 85' lang='lat' dir='ltr'>XVII,</span> <span class='ocrx_word' id='word_1_204' title='bbox 860 3336 888 3380; x_wconf 88' lang='lat' dir='ltr'>c.</span> <span class='ocrx_word' id='word_1_205' title='bbox 907 3336 976 3400; x_wconf 77' lang='lat'>213</span> <span class='ocrx_word' id='word_1_206' title='bbox 994 3326 1028 3382; x_wconf 87' lang='lat' dir='ltr'>et</span> <span class='ocrx_word' id='word_1_207' title='bbox 1041 3317 1233 3386; x_wconf 80' lang='lat' dir='ltr'>lactantius</span> 
     </span>
     <span class='ocr_line' id='line_1_28' title="bbox 177 3415 1234 3507; baseline 0.005 -19"><span class='ocrx_word' id='word_1_208' title='bbox 177 3421 378 3507; x_wconf 84' lang='lat' dir='ltr'>Firmianus,</span> <span class='ocrx_word' id='word_1_209' title='bbox 393 3418 448 3488; x_wconf 88' lang='lat' dir='ltr'>lib.</span> <span class='ocrx_word' id='word_1_210' title='bbox 463 3421 498 3506; x_wconf 92' lang='lat' dir='ltr'>l,</span> <span class='ocrx_word' id='word_1_211' title='bbox 511 3443 540 3488; x_wconf 90' lang='lat' dir='ltr'>c.</span> <span class='ocrx_word' id='word_1_212' title='bbox 555 3421 641 3488; x_wconf 84' lang='lat' dir='ltr'>xllt</span> <span class='ocrx_word' id='word_1_213' title='bbox 652 3430 706 3504; x_wconf 86' lang='lat' dir='ltr'>;et</span> <span class='ocrx_word' id='word_1_214' title='bbox 717 3415 822 3486; x_wconf 85' lang='lat' dir='ltr'>Julius</span> <span class='ocrx_word' id='word_1_215' title='bbox 833 3417 983 3506; x_wconf 90' lang='lat' dir='ltr'>Solinus,</span> <span class='ocrx_word' id='word_1_216' title='bbox 996 3445 1023 3488; x_wconf 89' lang='lat' dir='ltr'>c.</span> <span class='ocrx_word' id='word_1_217' title='bbox 1043 3423 1086 3489; x_wconf 94' lang='lat' dir='ltr'>Il.</span> <span class='ocrx_word' id='word_1_218' title='bbox 1104 3423 1234 3492; x_wconf 86' lang='lat' dir='ltr'>Profert</span> 
     </span>
     <span class='ocr_line' id='line_1_29' title="bbox 177 3523 1231 3624; baseline 0.005 -28"><span class='ocrx_word' id='word_1_219' title='bbox 177 3541 211 3596; x_wconf 91' lang='lat' dir='ltr'>et</span> <span class='ocrx_word' id='word_1_220' title='bbox 225 3527 409 3613; x_wconf 86' lang='lat' dir='ltr'>Charisius,</span> <span class='ocrx_word' id='word_1_221' title='bbox 424 3523 477 3596; x_wconf 92' lang='lat' dir='ltr'>lib.</span> <span class='ocrx_word' id='word_1_222' title='bbox 492 3528 508 3594; x_wconf 93' lang='lat'><em>1</em></span> <span class='ocrx_word' id='word_1_223' title='bbox 525 3527 631 3596; x_wconf 90' lang='lat' dir='ltr'>Instit.</span> <span class='ocrx_word' id='word_1_224' title='bbox 650 3547 804 3619; x_wconf 83' lang='lat' dir='ltr'>gramm,</span> <span class='ocrx_word' id='word_1_225' title='bbox 817 3525 919 3596; x_wconf 87' lang='lat' dir='ltr'>verba</span> <span class='ocrx_word' id='word_1_226' title='bbox 933 3525 1077 3596; x_wconf 89' lang='lat' dir='ltr'>Cornelii</span> <span class='ocrx_word' id='word_1_227' title='bbox 1093 3531 1231 3624; x_wconf 89' lang='lat' dir='ltr'>Nepotis</span> 
     </span>
     <span class='ocr_line' id='line_1_30' title="bbox 177 3631 1231 3704; baseline 0 -2"><span class='ocrx_word' id='word_1_228' title='bbox 177 3655 217 3702; x_wconf 87' lang='lat' dir='ltr'>ex</span> <span class='ocrx_word' id='word_1_229' title='bbox 237 3631 292 3702; x_wconf 89' lang='lat' dir='ltr'>lib.</span> <span class='ocrx_word' id='word_1_230' title='bbox 308 3635 392 3702; x_wconf 83' lang='lat' dir='ltr'>xvl</span> <span class='ocrx_word' id='word_1_231' title='bbox 407 3631 588 3701; x_wconf 91' lang='lat' dir='ltr'>Illustrium</span> <span class='ocrx_word' id='word_1_232' title='bbox 603 3631 768 3701; x_wconf 87' lang='lat' dir='ltr'>Virorum.</span> <span class='ocrx_word' id='word_1_233' title='bbox 788 3633 878 3701; x_wconf 90' lang='lat' dir='ltr'>Citat</span> <span class='ocrx_word' id='word_1_234' title='bbox 891 3632 1042 3701; x_wconf 91' lang='lat' dir='ltr'>eumdem</span> <span class='ocrx_word' id='word_1_235' title='bbox 1061 3647 1177 3704; x_wconf 86' lang='lat' dir='ltr'>testem</span> <span class='ocrx_word' id='word_1_236' title='bbox 1198 3638 1231 3702; x_wconf 90' lang='lat' dir='ltr'>in</span> 
     </span>
     <span class='ocr_line' id='line_1_31' title="bbox 177 3735 1232 3830; baseline 0.006 -26"><span class='ocrx_word' id='word_1_237' title='bbox 177 3761 259 3808; x_wconf 84' lang='lat' dir='ltr'>voce</span> <span class='ocrx_word' id='word_1_238' title='bbox 276 3738 419 3808; x_wconf 82' lang='lat' dir='ltr'>subr&#39;nde</span> <span class='ocrx_word' id='word_1_239' title='bbox 439 3763 479 3807; x_wconf 84' lang='lat' dir='ltr'>ex</span> <span class='ocrx_word' id='word_1_240' title='bbox 500 3736 553 3805; x_wconf 92' lang='lat' dir='ltr'>lib.</span> <span class='ocrx_word' id='word_1_241' title='bbox 572 3739 616 3805; x_wconf 94' lang='grc' dir='ltr'>ΙΙ.</span> <span class='ocrx_word' id='word_1_242' title='bbox 635 3735 767 3806; x_wconf 86' lang='lat' dir='ltr'>Profert</span> <span class='ocrx_word' id='word_1_243' title='bbox 782 3752 815 3806; x_wconf 91' lang='lat' dir='ltr'>et</span> <span class='ocrx_word' id='word_1_244' title='bbox 832 3737 1033 3825; x_wconf 89' lang='lat' dir='ltr'>Priscianus,</span> <span class='ocrx_word' id='word_1_245' title='bbox 1051 3737 1104 3807; x_wconf 91' lang='lat' dir='ltr'>lib.</span> <span class='ocrx_word' id='word_1_246' title='bbox 1127 3743 1232 3830; x_wconf 79' lang='lat' dir='ltr'>vtll,</span> 
     </span>
     <span class='ocr_line' id='line_1_32' title="bbox 177 3809 1229 3940; baseline 0.002 -27"><span class='ocrx_word' id='word_1_247' title='bbox 177 3843 246 3914; x_wconf 79' lang='lat' dir='ltr'>haec</span> <span class='ocrx_word' id='word_1_248' title='bbox 273 3870 314 3915; x_wconf 85' lang='lat' dir='ltr'>ex</span> <span class='ocrx_word' id='word_1_249' title='bbox 332 3847 487 3940; x_wconf 91' lang='lat' dir='ltr'>Nepote,</span> <span class='ocrx_word' id='word_1_250' title='bbox 504 3867 571 3912; x_wconf 91' lang='lat' dir='ltr'>uon</span> <span class='ocrx_word' id='word_1_251' title='bbox 598 3809 855 3914; x_wconf 72' lang='lat' dir='ltr'>dommemorato</span> <span class='ocrx_word' id='word_1_252' title='bbox 881 3859 937 3912; x_wconf 92' lang='lat' dir='ltr'>aut</span> <span class='ocrx_word' id='word_1_253' title='bbox 958 3843 1100 3913; x_wconf 89' lang='lat' dir='ltr'>indicato</span> <span class='ocrx_word' id='word_1_254' title='bbox 1120 3845 1229 3916; x_wconf 90' lang='lat' dir='ltr'>libro:</span> 
     </span>
     <span class='ocr_line' id='line_1_33' title="bbox 181 3948 1231 4021; baseline 0.007 -7"><span class='ocrx_word' id='word_1_255' title='bbox 181 3977 199 4014; x_wconf 80' lang='grc' dir='ltr'><strong>α</strong></span> <span class='ocrx_word' id='word_1_256' title='bbox 213 3951 305 4020; x_wconf 84' lang='lat' dir='ltr'>AEdis</span> <span class='ocrx_word' id='word_1_257' title='bbox 319 3951 437 4019; x_wconf 83' lang='lat' dir='ltr'>Martis</span> <span class='ocrx_word' id='word_1_258' title='bbox 456 3951 555 4019; x_wconf 90' lang='lat' dir='ltr'>estin</span> <span class='ocrx_word' id='word_1_259' title='bbox 574 3951 662 4020; x_wconf 91' lang='lat' dir='ltr'>circo</span> <span class='ocrx_word' id='word_1_260' title='bbox 684 3948 842 4018; x_wconf 86' lang='lat' dir='ltr'>Flaminio</span> <span class='ocrx_word' id='word_1_261' title='bbox 856 3949 1068 4018; x_wconf 88' lang='lat' dir='ltr'>architectata</span> <span class='ocrx_word' id='word_1_262' title='bbox 1086 3950 1127 4019; x_wconf 88' lang='lat' dir='ltr'>ab</span> <span class='ocrx_word' id='word_1_263' title='bbox 1144 3948 1231 4021; x_wconf 80' lang='lat' dir='ltr'>Iler·</span> 
     </span>
     <span class='ocr_line' id='line_1_34' title="bbox 178 4055 1233 4156; baseline 0.005 -32"><span class='ocrx_word' id='word_1_264' title='bbox 178 4057 317 4126; x_wconf 90' lang='lat' dir='ltr'>modorc</span> <span class='ocrx_word' id='word_1_265' title='bbox 337 4055 523 4126; x_wconf 87' lang='lat' dir='ltr'>Salaminio.</span> <span class='ocrx_word' id='word_1_266' title='bbox 551 4085 568 4122; x_wconf 78' lang='lat' dir='ltr'>a</span> <span class='ocrx_word' id='word_1_267' title='bbox 592 4058 752 4126; x_wconf 86' lang='lat' dir='ltr'>Praeterea</span> <span class='ocrx_word' id='word_1_268' title='bbox 776 4057 893 4124; x_wconf 92' lang='lat' dir='ltr'>harum</span> <span class='ocrx_word' id='word_1_269' title='bbox 921 4058 1063 4124; x_wconf 78' lang='lat' dir='ltr'>vitarum</span> <span class='ocrx_word' id='word_1_270' title='bbox 1093 4061 1233 4156; x_wconf 89' lang='lat' dir='ltr'>scriptor</span> 
     </span>
    </p>
   </div>
   <div class='ocr_carea' id='block_1_3' title="bbox 177 4154 1232 4367">
    <p class='ocr_par' dir='ltr' id='par_1_3' title="bbox 177 4154 1232 4367">
     <span class='ocr_line' id='line_1_35' title="bbox 177 4154 1232 4262; baseline 0.004 -30"><span class='ocrx_word' id='word_1_271' title='bbox 177 4163 222 4234; x_wconf 85' lang='lat' dir='ltr'>ait</span> <span class='ocrx_word' id='word_1_272' title='bbox 232 4154 393 4237; x_wconf 72' lang='lat' dir='ltr'>ira-&#39;Dione</span> <span class='ocrx_word' id='word_1_273' title='bbox 411 4155 485 4254; x_wconf 82' lang='lat' dir='ltr'>(ll,</span> <span class='ocrx_word' id='word_1_274' title='bbox 500 4160 538 4252; x_wconf 82' lang='lat'>3,</span> <span class='ocrx_word' id='word_1_275' title='bbox 554 4157 618 4252; x_wconf 81' lang='lat' dir='ltr'>a),</span> <span class='ocrx_word' id='word_1_276' title='bbox 631 4188 665 4236; x_wconf 87' lang='lat' dir='ltr'>se</span> <span class='ocrx_word' id='word_1_277' title='bbox 677 4162 796 4234; x_wconf 89' lang='lat' dir='ltr'>librum</span> <span class='ocrx_word' id='word_1_278' title='bbox 811 4163 852 4232; x_wconf 84' lang='lat' dir='ltr'>de</span> <span class='ocrx_word' id='word_1_279' title='bbox 868 4162 1028 4234; x_wconf 90' lang='lat' dir='ltr'>historicis</span> <span class='ocrx_word' id='word_1_280' title='bbox 1050 4167 1232 4262; x_wconf 84' lang='lat' dir='ltr'>scripsisse,</span> 
     </span>
     <span class='ocr_line' id='line_1_36' title="bbox 991 4295 1045 4367; baseline 0 -45"><span class='ocrx_word' id='word_1_281' title='bbox 991 4299 1024 4367; x_wconf 77' lang='lat' dir='ltr'>D</span> <span class='ocrx_word' id='word_1_282' title='bbox 1037 4295 1045 4322; x_wconf 82' lang='lat'>2</span> 
     </span>
    </p>
   </div>
   <div class='ocr_carea' id='block_1_4' title="bbox 0 0 1605 5120">
    <p class='ocr_par' dir='ltr' id='par_1_4' title="bbox 0 0 1605 5120">
     <span class='ocr_line' id='line_1_37' title="bbox 0 0 1605 5120; baseline 0 0"><span class='ocrx_word' id='word_1_283' title='bbox 0 0 1605 5120; x_wconf 95' lang='lat' dir='ltr'> </span> 
     </span>
    </p>
   </div>
  </div>
 </body>
</html>
